1553 2739
655 344 892 377 INDEX.

238 437 388 470 Xerxem,
401 432 512 464 urbem
525 431 680 468 deserunt,
689 430 750 461 viii.

237 481 288 509 37.
310 476 456 506 barbaros
482 486 500 505 a
522 474 580 504 deo
595 485 650 504 suo
671 473 752 503 male

237 520 365 551 affectos
379 519 512 553 caedunt,
525 517 586 546 viii.
603 520 651 547 38.
677 515 753 546 Del-

235 563 364 605 phicum
374 560 544 595 oraculum,
554 560 670 601 irfim'tis
681 561 755 589 locis.

236 604 427 646 Delphicum
436 602 589 644 templum
600 612 651 632 sua
663 612 753 642 spon-

238 656 271 679 te
292 646 506 688 conflagravit,
530 646 548 674 i.
564 648 614 675 50.
639 644 669 674 ii.
686 648 754 674 180.

238 691 322 721 aliud
337 688 586 730 Amphictyones
611 687 754 716 trecentis

237 733 361 764 talentis
394 729 635 761 construendum
673 729 752 759 loca-

238 784 323 812 runt,
345 775 375 804 ii.
393 778 461 803 180.
482 781 512 802 et
528 771 655 813 quinam
681 782 752 801 con-

241 819 366 855 duxere,
382 828 411 847 v.
425 820 475 847 62.

197 862 292 894 Delta
307 859 548 902 AEgyptiorum,
573 857 605 886 ii.
626 860 674 892 13,
706 860 754 892 15,

244 908 294 939 16,
321 907 369 938 17,
400 905 448 938 18,
475 905 523 936 19,
552 903 619 930 179.
654 899 753 930 solum

239 946 335 977 Delta
360 947 539 986 AEgyptum
572 952 634 972 esse
667 942 754 972 aiunt

241 991 328 1020 Iones
342 998 404 1018 non
417 994 510 1021 recte,
524 985 544 1015 ii
572 987 620 1015 15.

198 1031 373 1064 Delubrum
402 1031 416 1060 J
421 1029 486 1059 ovis
513 1027 607 1063 Carii,
640 1026 659 1056 i.
686 1029 756 1062 171,

243 1074 328 1106 Jovis
350 1071 502 1112 Olympii,
526 1070 557 1100 ii.
572 1073 601 1101 7.
626 1069 758 1106 Cereris,

241 1117 281 1147 iv.
297 1120 347 1148 53.
376 1113 499 1149 Bacchi,
531 1113 570 1143 iv.
595 1116 645 1143 87.
675 1115 756 1142 Am-

241 1159 370 1202 phiarai,
380 1157 441 1188 viii.
456 1160 524 1186 134.
539 1155 607 1186 Laii
619 1163 650 1185 et
663 1154 757 1185 Oedi-

243 1201 342 1244 podis,
364 1201 405 1231 iv.
424 1203 491 1229 149.
522 1198 552 1228 in
567 1197 639 1227 fano
661 1199 755 1227 Lato-

242 1255 291 1276 nae
306 1241 618 1276 admirabilissimum,
643 1251 679 1270 ex
695 1250 757 1269 uno

242 1288 359 1318 factum
374 1284 486 1326 lapide,
498 1284 528 1313 ii.
546 1286 614 1314 155.
630 1282 757 1329 delubra

243 1328 337 1372 primi
352 1338 486 1359 statuere
501 1325 659 1367 AEgyptii,
680 1325 756 1372 11..4.

243 1370 374 1403 delubra
394 1381 412 1400 a
427 1369 526 1400 Persis
551 1368 682 1404 incensa,
716 1378 757 1397 ιν.

247 1419 297 1447 96.
318 1413 381 1444 viii.
399 1416 467 1443 144.

203 1458 302 1490 Delus
315 1456 423 1492 insula,
444 1455 484 1485 iv.
499 1457 550 1490 33,
565 1457 616 1489 34,
632 1455 682 1484 35.
703 1464 756 1483 ex-

246 1500 329 1542 piata
344 1509 362 1528 a
374 1498 542 1532 Pisistrato,
559 1496 580 1544 i'.
593 1499 644 1527 64.

202 1543 300 1576 Delos
325 1541 433 1572 tremit
458 1547 547 1570 antea
572 1548 757 1573 inconcussa,

249 1586 291 1616 vi.
307 1588 357 1616 98.

205 1627 370 1660 Deliorum
379 1624 453 1667 fuga
468 1623 507 1654 ob
525 1625 641 1659 Persas,
655 1623 696 1653 vl.
709 1625 747 1654 97

247 1669 384 1701 revocati
399 1678 416 1697 a
431 1667 531 1698 Persis
544 1673 575 1697 et
587 1665 663 1696 nihil
671 1666 759 1708 passi,

249 1713 322 1744 ibid.

206 1755 334 1788 Delium
344 1752 580 1788 Thebanorum,
595 1751 634 1781 vi.
651 1754 720 1781 118.

207 1801 394 1831 Demaratus
416 1794 571 1826 Aristonis
596 1793 688 1830 filius,
709 1804 762 1824 rex

250 1843 380 1882 Spartae,
401 1850 431 1868 v.
446 1841 497 1869 75·
522 1837 562 1867 vi.
577 1841 629 1873 50,
649 1841 699 1870 613,
716 1844 764 1866 etc.

251 1883 289 1914 de
304 1883 369 1924 ejus
381 1891 493 1923 genere
509 1889 539 1909 et
551 1879 763 1920 procreatione

250 1925 336 1957 varia
362 1922 634 1957 circumferuntur,
657 1921 698 1951 vi.
713 1926 765 1957 63,

251 1976 298 2000 etc.
313 1971 363 1998 69.
377 1973 510 1996 matrem
520 1964 698 2000 sciscitatur,
712 1964 764 2005 qui

250 2021 343 2042 verus
358 2008 449 2050 ipsius
458 2017 576 2049 parens,
587 2007 688 2037 vi.68.
703 2008 766 2037 De-

250 2052 374 2088 max-ati,
395 2054 427 2081 id
445 2058 504 2086 επ,-
531 2062 549 2078 α
570 2051 671 2091 populo
693 2053 765 2080 votis

246 2098 342 2139 petiti,
353 2093 434 2124 unde
450 2103 563 2123 nomen
576 2092 766 2133 impositum,

253 2139 294 2170 vi.
308 2142 359 2169 63.
383 2136 585 2167 Cleomenem
600 2134 713 2165 deserit
736 2134 766 2164 in

253 2179 461 2222 expeditione,
485 2189 515 2208 v.
527 2180 576 2208 75.
608 2177 672 2218 ejus
696 2188 766 2208 cum

252 2224 420 2256 Cleomene
430 2220 599 2251 simultates
607 2228 638 2250 et
651 2220 769 2257 odium,

1307 348 1351 383 3⁷

833 431 932 474 gium,
945 430 977 462 vi
988 433 1053 463 .7o.
1067 430 1133 474 ejus
1144 431 1297 475 colloquia
1310 434 1350 467 de

832 474 924 505 rebus
940 476 1124 506 Graecorum
1139 485 1211 506 cum
1232 479 1352 515 Xerxe,

832 517 1064 554 vii.101,102‚
1086 521 1157 555 108,
1183 521 1253 556 104,
1276 523 1349 558 209,

833 563 906 596 234,
927 562 998 595 235,
1013 563 1083 591 236.
1105 561 1170 602 ejus
1189 561 1348 603 ingeniosa

833 613 889 643 per
901 602 1068 644 pugillares
1083 602 1163 634 clam
1184 604 1351 636 nunciandi

833 645 922 681 ratio,
945 644 997 675 vii.
1010 648 1082 676 239.

791 688 1029 724 Demarmenus,
1047 699 1077 718 v.
1091 691 1143 718 41.
1157 688 1200 720 vi.
1212 693 1263 721 65.

791 730 994 766 Democedes,
1027 730 1232 772 Calliphontis
1258 731 1350 770 filius,

833 772 981 809 medicus,
992 781 1125 814 quantus
1134 773 1191 810 vir,
1208 775 1273 816 ejus
1283 775 1348 806 for-

832 822 919 851 tuna,
932 821 964 845 et
978 815 1009 845 in
1025 823 1140 856 quanto
1160 816 1278 847 honore
1293 817 1349 847 ha-

833 857 916 887 bitus
944 868 961 887 a
984 858 1093 895 Dario,
1120 859 1162 889 iii.
1179 863 1249 896 124,
1280 864 1352 898 129,

835 903 905 936 130,
935 903 1006 937 131,
1033 904 1102 931 132.
1145 912 1208 943 quo
1238 909 1304 932 astu
1330 913 1350 932 e

834 942 938 973 Persia
963 942 994 973 in
1016 944 1150 984 patriam
1177 944 1282 982 rediit,
1305 945 1349 976 iii.

837 989 907 1021 139,
924 988 994 1022 133,
1010 989 1082 1022 134,
1094 994 1144 1017 etc.

792 1028 1024 1058 Democratiam
1039 1028 1143 1060 laudat
1159 1033 1287 1067 Otanes,
1307 1029 1360 1062 iii..

837 1073 885 1100 80.
913 1069 953 1100 vi.
978 1075 1028 1101 43.
1072 1071 1251 1113 improbant
1274 1074 1351 1103 Me-

837 1112 976 1154 gabyzus
990 1121 1021 1143 et
1035 1114 1159 1152 Darius,
1181 1115 1222 1144 iii.
1236 1118 1288 1152 81,
1299 1119 1351 1146 82.

836 1156 901 1196 ejus
922 1155 1130 1193 incommoda,
1153 1157 1194 1187 iii.
1209 1161 1260 1188 81.
1281 1168 1352 1189 eam

838 1198 995 1228 constituit
1023 1198 1054 1228 in
1071 1199 1193 1231 Graecia
1218 1201 1352 1232 Mardo-

836 1240 915 1276 nius,
928 1241 968 1270 vi.
983 1245 1033 1271 43.

795 1282 1002 1319 Democritus,
1019 1284 1067 1313 vir
1082 1284 1217 1322 illustris,
1238 1293 1269 1317 et
1286 1287 1353 1317 Na-

836 1325 957 1355 xiorum
973 1326 1170 1363 trierarchus,
1182 1328 1233 1358 vii.
1247 1333 1297 1360 46.

794 1369 957 1398 Demonax
969 1380 986 1398 a
998 1369 1179 1407 Niantineis,
1194 1371 1355 1411 Cyrenaeis

836 1410 944 1441 missus
961 1411 1036 1453 reip.
1059 1411 1292 1452 constituendae,
1313 1414 1358 1445 iv.

840 1456 910 1483 161.

797 1497 980 1526 Demonous
1014 1496 1160 1538 Penthyli
1181 1506 1281 1540 pater,
1305 1499 1360 1531 vii.

841 1542 909 1569 195.

797 1580 1004 1622 Demophilus
1039 1580 1222 1614 Diadromae
1265 1583 1359 1622 filius,

839 1623 890 1653 vii.
906 1628 977 1653 22²2.

797 1667 883 1696 Dens
909 1666 1037 1708 Hippiae
1064 1666 1139 1697 tussi
1159 1677 1302 1700 excussus
1326 1680 1359 1700 e-

841 1709 992 1739 vanescit:
1017 1716 1048 1739 et
1065 1709 1139 1750 quid
1159 1710 1217 1741 hac
1232 1721 1266 1742 re
1285 1722 1359 1755 por-

841 1757 976 1787 tentum,
997 1751 1038 1782 vi.
1055 1755 1124 1783 107.

799 1794 917 1824 Dentes
933 1805 969 1824 ex
984 1805 1046 1825 uno
1059 1805 1122 1824 osse
1136 1795 1281 1833 universi,
1293 1804 1359 1827 tam

842 1835 973 1866 molares
993 1847 1086 1877 quam
1110 1839 1214 1876 ceteri,
1238 1840 1270 1870 in
1285 1850 1360 1881 qua-

843 1878 915 1908 dam
930 1879 1064 1915 maxilla,
1086 1879 1124 1909 ix.
1140 1884 1190 1911 83.

801 1921 850 1951 De
865 1920 1005 1962 deposito
1020 1921 1096 1952 nihil
1116 1921 1199 1953 aliud
1221 1923 1360 1965 cogitan-

845 1962 920 1992 dum
937 1974 1030 2004 quam
1053 1972 1088 1994 ut
1110 1966 1264 2006 repetenti
1290 1966 1361 1997 red.

845 2005 947 2042 datur,
972 2006 1108 2047 quidque
1130 2007 1274 2039 acciderit
1298 2009 1362 2040 cui-

845 2048 917 2078 dam
930 2048 1104 2090 depositum
1113 2051 1250 2092 neganti,
1262 2052 1302 2081 vi.
1312 2055 1364 2083 86.

804 2090 968 2128 Demisisti,
1003 2093 1168 2123 Persarum
1197 2104 1306 2136 genus,
1342 2095 1363 2125 i.

850 2136 918 2164 1525.

804 2175 924 2207 Dersaei
956 2176 1101 2208 Thraciae
1130 2178 1274 2221 populus,
1309 2179 1368 2211 vii.

252 2267 308 2298 vii.
332 2268 384 2301 51,
407 2267 459 2300 63,
480 2267 533 2299 64,
554 2270 601 2292 etc.
631 2261 707 2304 fuga
729 2263 767 2293 ad
807 2261 985 2302 Descriptio
1019 2262 1169 2303 temporis
1197 2273 1369 2307 nunquam.

254 2311 372 2345 Persas,
386 2306 428 2338 vi.
443 2309 491 2338 70.
506 2305 557 2337 vii,
573 2310 602 2337 3.
623 2305 689 2347 ejus
703 2304 766 2337 elo-

851 2303 991 2342 finiendi‚
1012 2315 1041 2335 v.
1058 2309 1109 2336 92.

1021 2357 1036 2379 c
1053 2350 1072 2378 3
