1553 2739
322 403 394 431 108.
423 399 452 431 ei
476 399 639 441 negotium
672 400 763 431 datur
788 402 834 432 in-

321 442 489 473 terimendi
516 443 602 483 Cyri,
628 442 701 473 ibid.
731 452 762 474 et
778 444 834 474 do—

321 494 392 515 mus
406 485 437 515 in
452 485 537 515 luctu
551 485 631 520 ideo,
646 485 665 515 i.
680 489 748 516 111.
763 486 834 527 quia

319 527 438 569 jussum
452 537 514 557 non
533 536 713 569 exequutus,
736 529 834 559 carni-

323 570 382 600 bus
403 568 459 599 filii
489 568 527 599 ab
552 572 695 611 Astyaga
720 579 831 612 pastus,

321 613 342 642 i.
360 616 428 643 119.
459 619 490 642 et
516 612 582 653 ejus
604 614 774 643 constantia
801 614 832 643 in

320 654 507 696 perferenda
530 656 679 696 Astyagis
701 655 832 686 crudeli-

320 705 397 733 tate,
411 697 484 727 ibid.
505 699 653 738 Astyagis
668 697 831 729 ulciscendi

321 739 463 781 cupidus,
482 751 544 781 quo
567 748 658 782 pacto
684 740 831 772 defectio-

320 793 395 813 nem
406 782 532 813 molitus
542 782 610 819 fuit,
626 783 645 812 i.
658 786 728 820 123,
742 791 766 813 ez·
779 797 831 825 seq.

320 825 457 866 Astyagi
479 836 496 854 a
518 826 603 865 Cyro
626 833 716 867 capto
738 826 830 856 insul-

318 875 377 904 tat,
391 868 412 898 i.
432 871 500 899 129.
534 868 660 898 NIazari
684 868 830 899 defuncto

317 910 466 946 succedit,
489 910 509 940 i.
530 914 597 941 162.
626 919 713 951 gesta
734 911 772 941 ab
793 922 830 942 eo

318 954 466 984 adversus
480 955 577 988 Ionas,
593 953 611 983 i.
628 957 698 989 162,
715 957 784 990 163,
805 962 832 984 et

317 1009 372 1037 seq.
414 995 525 1026 litterae
550 996 616 1036 ejus
640 995 678 1025 ad
709 997 829 1036 Cyrum

317 1037 440 1079 scriptae
463 1039 624 1079 missaeque
650 1038 780 1075 occulte,
812 1039 831 1069 i.

317 1084 390 1117 123,
407 1084 474 1111 124.

274 1125 444 1165 Harpagus
469 1122 544 1153 alius
567 1125 660 1153 Persa
687 1123 759 1159 dux,
784 1124 826 1154 vi.

315 1170 365 1197 28.
387 1166 467 1207 capit
491 1165 658 1196 Histiaeum
673 1166 782 1196 vivum
797 1174 828 1197 et

314 1209 346 1239 in
361 1219 483 1239 crucem
499 1208 574 1249 agit,
595 1208 636 1238 vi.
650 1211 701 1244 98,
716 1213 765 1239 30.

270 1251 477 1293 Haruspicina
494 1250 634 1281 Menelai
649 1250 776 1287 nefaria,
796 1251 826 1281 ii.

316 1298 384 1325 119.

269 1337 378 1368 Hebes
392 1343 538 1366 tesseram
548 1336 600 1366 dat
616 1335 827 1376 Leutychides

312 1378 476 1414 militibus,
489 1378 528 1408 ix.
544 1382 593 1409 98.

270 1421 399 1453 Hebrus
413 1421 537 1456 fluvius,
552 1421 591 1450 iv.
602 1425 650 1452 90.
665 1420 717 1450 vii.
732 1424 782 1452 59.

271 1467 454 1500 Hecataeus,
500 1463 697 1504 Hegesandri
733 1463 823 1500 filius,

306 1505 586 1547 historiographus,
627 1505 657 1535 ii.
684 1509 752 1535 143.
795 1517 824 1537 ν.

308 1553 380 1580 125.
402 1549 442 1579 vi.
460 1552 527 1579 137.
548 1548 613 1589 ejus
631 1558 740 1589 geum,
765 1555 824 1579 etc.

307 1592 341 1622 ii.
357 1595 428 1629 143,
442 1598 467 1621 et
477 1604 530 1632 seq.
545 1590 662 1621 bellum
677 1591 822 1621 adversus

307 1636 418 1666 Persas
440 1633 593 1664 dissuadet
618 1632 822 1674 Aristagorae,

306 1688 339 1708 v.
355 1682 404 1708 36.
436 1676 574 1717 ejusdem
599 1675 760 1706 consilium
774 1678 821 1707 A·

307 1720 469 1761 ristagorae
485 1719 603 1756 datum,
617 1729 646 1748 v.
663 1721 731 1749 125.

265 1762 488 1798 Hecatonnesi,
501 1761 519 1791 i.
536 1765 604 1792 151.

267 1807 392 1836 Hector
416 1812 489 1835 natu
522 1803 623 1844 major
650 1810 680 1833 et
707 1803 821 1833 virtute

310 1847 507 1889 praestantior
544 1845 735 1882 Alexandro,
780 1846 821 1876 iii.

312 1894 381 1922 120.

265 1932 451 1975 Hegesicles
465 1939 497 1962 et
511 1933 601 1962 Leon
626 1933 744 1972 Spartae
771 1941 820 1961 re-

311 1987 375 2018 ges,
399 1976 417 2006 i.
432 1979 483 2007 65.

267 2019 473 2060 Hegesander
500 2016 642 2047 Hecataei
666 2024 766 2057 pater,
790 2027 810 2046 v

312 2065 382 2098 1⁴25,
405 2061 446 2091 vi·
465 2063 533 2090 137.

267 2103 471 2146 Hegesipyle,
496 2101 596 2138 Olori‚
620 2101 702 2143 regis
716 2100 818 2132 Thra-

309 2158 392 2183 cum,
411 2145 485 2182 filia,
506 2144 648 2176 Miltiadi
662 2143 820 2179 collocata,

303 2190 346 2220 vi.
361 2194 411 2221 39.

264 2232 497 2275 Hegesistratus
511 2230 595 2271 Sigei
610 2237 769 2270 tyrannuS,
790 2239 821 2258 v.

307 2279 356 2307 94.
401 2275 465 2316 ejus
490 2283 595 2315 pugna
620 2282 691 2302 cum
718 2271 820 2311 Mity-

306 2318 412 2349 lenaeis
426 2328 482 2358 pro
498 2317 601 2357 Sigeo,
621 2314 694 2344 ibid.

263 2361 498 2404 Hegesistratus
519 2358 682 2400 haruspex,
702 2354 820 2387 Tellia-

279 308 322 343 ‘0
739 317 977 348 INDEX.

913 402 1025 433 darum
1072 404 1348 443 praestantissimus,
1394 405 1425 436 in

917 444 1078 475 Mardonii
1099 447 1245 484 exercitu,
1270 448 1309 479 ix.
1323 453 1371 480 37.
1394 460 1426 478 e-

912 486 962 527 jus
975 487 1101 518 audacia
1121 488 1201 519 mira
1222 497 1254 520 et
1274 490 1425 527 interitus,

914 528 988 559 ibid.

872 570 1103 612 Hegesistratus
1117 572 1308 615 Aristagorae
1333 574 1423 611 filius,

912 613 1032 654 legatus
1046 616 1174 651 Samius,
1190 616 1228 646 ix.
1245 621 1296 653 90,
1311 621 1360 648 91.

870 656 1090 697 Hegetoridae‚
1110 657 1166 688 filii
1181 661 1366 701 Antagorae,
1385 660 1423 690 fi-

912 698 962 735 lia,
976 698 1014 729 ix.
1029 703 1078 730 76.

869 741 987 781 Hegias
999 742 1030 771 Τ
1032 741 1156 772 isameni
1171 742 1277 780 frater,
1298 745 1336 774 ix.
1351 748 1401 775 33.

868 783 990 813 Helene
1015 784 1157 824 Tyndari
1182 785 1254 822 filia,
1291 794 1323 817 et
1355 787 1419 827 ejus

908 833 1014 866 raptus
1028 826 1168 863 historia,
1181 828 1214 857 ii.
1229 832 1298 865 112,
1321 837 1348 859 et
1361 844 1417 871 seq-

908 878 937 898 v.
952 872 1002 899 94.
1022 869 1061 899 ix.
1076 872 1124 899 73.
1155 870 1310 912 templum
1333 872 1419 902 The-

905 920 1022 951 rapnae,
1043 911 1082 941 vi.
1096 915 1146 942 61.

866 952 977 983 Helice
991 953 1195 990 Achaeorum,
1208 955 1227 984 i.
1244 958 1314 986 145.

865 995 1048 1026 Heliconius
1063 998 1237 1037 Neptunus,
1251 997 1270 1027 i.
1286 1001 1354 1029 148.

865 1037 1050 1079 Heliopolis,
1063 1039 1136 1069 urbs
1151 1039 1237 1074 Solis,
1252 1040 1283 1070 ii.
1297 1045 1328 1078 3,
1343 1045 1372 1077 7,
1386 1045 1416 1078 8,

908 1084 938 1116 9,
952 1085 1006 1117 59,
1018 1085 1068 1112 63.

865 1122 1090 1163 Heliopolitani
1115 1124 1342 1166 AEgyptiorum
1368 1137 1415 1156 so⁴²

905 1164 1070 1201 lertissinti,
1083 1166 1113 1196 ii.
1127 1170 1156 1196 3.

863 1205 988 1243 Hellen,
1002 1208 1080 1238 Dori
1095 1215 1194 1249 pater,
1207 1208 1227 1239 i.
1241 1213 1291 1240 56.

863 1248 1025 1280 Hellenica
1040 1261 1127 1291 gens,
1147 1251 1167 1281 i.
1180 1254 1231 1285 56,
1245 1256 1295 1282 57.

863 1291 1043 1322 Hellenium
1057 1292 1174 1328 fanum,
1195 1293 1225 1324 ii.
1242 1298 1309 1325 178.

860 1334 1084 1370 Hellenodicae,
1108 1346 1137 1365 v.
1154 1340 1202 1365 22.

860 1376 967 1407 Helles
981 1377 1182 1408 Athamantis
1207 1377 1280 1408 filiae
1309 1379 1409 1421 sepul-

902 1430 998 1455 crum,
1016 1420 1066 1449 vii.
1081 1423 1130 1450 58.

860 1461 1058 1503 Hellesponti
1081 1461 1182 1498 urbes,
1207 1463 1247 1493 vi.
1262 1467 1311 1493 33.
1334 1464 1412 1494 Hel-

902 1504 1057 1545 lespontus
1092 1504 1145 1534 ubi
1172 1506 1411 1546 angustissimus,

901 1547 941 1576 iv.
956 1551 1005 1577 85.
1026 1558 1098 1577 eum
1114 1548 1232 1577 transiit
1246 1549 1369 1585 Darius,
1383 1560 1414 1579 v.

902 1593 950 1619 11.
976 1589 1197 1630 Hellespontus
1221 1600 1257 1619 ex
1279 1591 1355 1620 Asia
1381 1592 1411 1620 in

899 1633 1057 1672 Europam
1066 1633 1264 1673 conjungitur
1273 1643 1289 1662 a
1296 1635 1414 1669 Xerxe,

900 1674 952 1704 vii.
966 1679 1016 1704 33.
1038 1675 1139 1705 denuo
1161 1681 1255 1715 ponte
1277 1674 1412 1717 junctus,

900 1716 952 1747 vii.
967 1721 1019 1752 36,
1032 1725 1063 1747 et
1079 1717 1182 1758 priore
1197 1724 1292 1757 ponte
1306 1725 1411 1758 rupto,

899 1758 1057 1800 quomodo
1080 1770 1097 1789 a
1112 1761 1217 1789 Xerxe
1239 1759 1414 1801 castigatus,

899 1801 951 1832 vii.
965 1804 1014 1832 35.
1044 1801 1239 1843 Hellesponti
1265 1802 1411 1843 trajectus

899 1844 1067 1874 stadiorum
1103 1852 1232 1885 septem,
1274 1844 1326 1874 vii.
1362 1848 1413 1875 34.

900 1886 1103 1927 Hellesponto
1119 1886 1221 1928 phiala
1248 1897 1340 1917 aurea
1355 1887 1406 1917 da·

898 1937 950 1959 tur
965 1941 981 1959 a
998 1931 1114 1965 Xerxe,
1129 1939 1237 1959 aureus
1252 1937 1362 1966 crater,
1376 1938 1407 1960 et

897 1971 1017 2013 gladius
1033 1971 1171 2003 Persicus
1181 1972 1247 2015 ejus
1257 1970 1409 2013 placandi,

897 2014 948 2044 vii.
963 2018 1012 2045 54.

853 2056 1063 2097 Hellespontii
1078 2056 1108 2086 in
1126 2056 1238 2086 Xerxis
1250 2055 1340 2086 classe
1350 2056 1408 2086 mi-

893 2099 1028 2134 litantes,
1049 2099 1099 2128 vii.
1114 2103 1164 2130 95.
1201 2099 1243 2129 eis
1266 2099 1407 2139 pontium

895 2141 1032 2171 custodia
1045 2141 1240 2177 demandata,
1252 2140 1324 2170 ibid.

855 2183 1084 2224 Hellespontias
1098 2191 1217 2219 ventus,
1234 2182 1285 2213 vii.
1303 2186 1371 2213 188.

854 2225 1022 2267 Hellopiae,
1036 2226 1098 2256 viii.
1114 2229 1163 2255 213.

854 2268 1005 2308 Helisyci,
1019 2268 1070 2298 vii.
1087 2271 1155 2298 165.

854 2311 1039 2342 Helotarum
1050 2311 1165 2340 ruditas
1175 2310 1203 2339 in
1215 2309 1404 2351 distinguen-

895 2354 935 2386 do
951 2364 1011 2385 aerc
1027 2352 1065 2384 ab
1081 2364 1164 2388 auro,
1182 2352 1220 2384 ix.
1235 2356 1285 2383 80.
