1553 2739
254 330 276 357 4
711 325 967 356 INDEX.

256 410 375 452 AEgion
391 409 463 441 urbs
476 408 679 445 Achaeorum,
692 407 712 438 i.
728 410 797 438 145.

257 454 370 495 AEgira
385 453 457 483 urbs
472 451 673 484 Achaeorum,
695 449 714 479 i.
731 453 800 481 145.

258 496 449 536 AEgiroessa,
478 492 609 524 AEolum
641 491 757 527 civitas,
795 492 816 522 i.

303 541 373 568 149.

259 580 351 620 AEgis
366 578 524 609 Minervae
537 576 630 614 unde,
651 575 778 607 iv.¹180.

259 621 347 662 AEgli
364 631 437 662 pop.
447 620 488 650 iii.
502 623 552 650 92.
756 659 763 665 ·

261 665 362 704 AEgos
388 661 516 703 potami,
551 661 590 692 ix.
622 664 692 691 118.
738 670 817 690 circa

301 707 456 746 AEgrotos
489 703 733 744 Babyloniorum
760 702 819 738 lex,

302 748 322 778 i.
340 752 408 779 197.
439 746 549 788 aegroti
564 745 648 787 apud
669 744 818 786 quosdam

304 790 396 820 Indos
402 789 514 819 deserti
525 788 557 818 in
564 788 684 818 deserto
696 786 820 822 cubant,

304 832 346 863 iii.
363 835 433 862 100.
453 830 535 872 apud
555 830 705 871 quosdam
729 829 818 858 Indos

304 873 533 905 interficiuntur
557 880 589 903 et
607 870 821 906 comeduntur,

305 917 347 948 iii.
361 921 411 948 99.
433 925 524 956 super
545 922 679 956 aegrotos
704 913 757 953 qui
781 913 819 942 ad

305 970 391 989 aram
407 966 476 989 sunt
491 956 564 988 cinis
579 966 698 999 sparsus
712 956 743 985 in
756 957 820 986 De-

307 1002 350 1038 lo,
359 1002 399 1031 iv.
414 1004 464 1031 35.

266 1047 427 1085 AEffi-ptus
446 1043 477 1072 in
493 1052 554 1072 x11.
578 1040 736 1084 portiones
760 1039 819 1070 dis-

308 1087 414 1121 tincta,
433 1085 462 1114 ii.
480 1088 548 1114 147.

266 1130 426 1169 AEgyptus
441 1126 575 1157 fluminis
586 1125 711 1159 donum,
727 1124 756 1154 ii.
771 1126 800 1154 5.

266 1171 402 1212 AEgypti
416 1180 468 1199 seu
479 1168 674 1209 AEgyptiacae
687 1166 821 1206 regionis

309 1220 429 1248 natura,
458 1211 530 1241 ibid.
560 1209 625 1251 ejus
647 1208 820 1249 longitudo,

309 1255 382 1285 ibid.
412 1261 478 1284 tota
501 1260 546 1283 est
569 1251 727 1293 palustris:
761 1250 822 1286 vel,

311 1299 356 1338 (ut
374 1299 501 1327 Graecum
523 1296 637 1325 verbum
651 1292 743 1333 sonat)
767 1303 820 1335 pa-

310 1340 368 1376 lus,
381 1339 410 1369 ii.
424 1342 453 1368 4.

269 1384 429 1423 AEgyptus
443 1388 487 1410 est
498 1389 591 1421 quam
607 1378 696 1409 Nilus
705 1378 822 1419 irrigat,

310 1426 341 1455 ii.
358 1427 404 1454 18.
425 1423 510 1453 Asiae
535 1430 565 1452 et
576 1420 694 1452 Africae
715 1420 821 1451 termi-

310 1477 376 1503 nus,
393 1466 422 1496 ii.
439 1468 486 1495 17.
506 1463 623 1495 Africae
638 1463 780 1499 finitima,
792 1462 822 1492 ii.

311 1512 364 1545 65,
385 1508 427 1538 iii.
449 1511 499 1538 91.
531 1506 612 1536 unde
642 1505 767 1546 incipiat
791 1511 821 1534 et

311 1562 373 1592 qua
394 1557 498 1592 pateat
521 1549 553 1578 in
578 1558 646 1578 eam
661 1547 824 1588 ingressus,

312 1594 353 1624 iii.
367 1598 396 1625 5.
417 1593 449 1622 in
471 1591 611 1633 regiones
635 1589 700 1630 (vel
722 1590 823 1630 potius

312 1635 520 1678 praefecturas,
553 1643 623 1674 quaa
645 1631 750 1661 nomoi
768 1642 822 1661 vo-

313 1677 435 1716 cantur)
459 1676 565 1712 divisa,
584 1674 614 1704 ii.
636 1678 705 1704 164.
734 1673 824 1703 urbes

313 1718 445 1751 habitari
459 1718 491 1748 in
506 1728 541 1748 ea
555 1716 639 1747 mille
655 1724 685 1746 et
701 1716 823 1756 viginti,

312 1764 344 1793 ii.
360 1766 427 1793 177.
456 1768 611 1790 montanae
627 1758 743 1790 Ciliciae
769 1769 824 1798 op-

312 1805 412 1847 posita
427 1803 504 1838 est‚ii
518 1806 569 1833 34.
593 1800 690 1842 qualis
712 1801 748 1830 sit
765 1811 824 1841 qua

313 1854 401 1889 parte
426 1845 567 1876 Africam
592 1850 720 1884 spectat,
745 1842 774 1872 ii.
797 1846 826 1872 8.

313 1890 406 1920 fossas
416 1888 496 1918 unde
508 1895 571 1917 tam
583 1885 694 1915 multas
703 1884 824 1921 habeat,

314 1933 343 1962 ii.
360 1934 428 1962 108.
449 1937 576 1971 propter
591 1939 664 1969 quas
678 1927 826 1967 inequita-

315 1974 384 2005 bilis
410 1981 441 2003 et
456 1970 596 2013 plaustris
621 1969 761 2000 inhabilis
783 1969 826 1999 ef-

315 2017 404 2051 fecta,
427 2014 500 2045 ibid.
522 2014 559 2043 de
583 2012 716 2053 AEffi'pti
730 2022 826 2059 'mag'—

315 2058 455 2089 nitudine
476 2058 585 2086 Ionum
607 2062 776 2089 sententiat,
798 2065 826 2083 u.

318 2104 366 2135 13,
389 2107 419 2129 et
436 2097 602 2133 Herodoti,
622 2097 652 2132 ii,
671 2100 718 2127 17.
739 2096 827 2136 plura

314 2141 466 2174 mirabilia
487 2139 580 2171 habet
610 2149 702 2180 quam
728 2138 828 2168 omnis

315 2186 374 2215 alia
397 2183 494 2225 regio,
518 2183 546 2212 ii.
568 2185 617 2211 35.
647 2180 702 2211 sub
717 2180 826 2210 Amasi

317 2238 389 2267 rege
413 2226 544 2256 maxime
572 2224 672 2258 beata,
704 2223 733 2252 ii.
759 2226 826 2253 177.

275 2273 418 2310 JEgypto
427 2266 725 2298 minaturinteiitum
733 2266 825 2297 Cam-

317 2313 405 2352 byses
443 2310 560 2340 circiter
591 2309 697 2338 decem
733 2318 827 2337 annos

317 2363 414 2391 nutus,
429 2353 468 2384 iii.
482 2357 509 2383 ὀ.
529 2364 565 2384 ω
580 2351 739 2393 potiuntur
754 2352 826 2381 Per-

898 418 950 443 sae,
963 407 1004 437 iii.
1018 410 1047 438 7.
1069 409 1167 439 Persis
1181 409 1351 448 tributaria,
1369 411 1413 441 iii-

899 453 949 480 91.
970 460 1007 480 ex
1023 460 1058 480 ea
1073 458 1194 481 scutum
1209 460 1239 482 et
1254 453 1353 495 galea,
1368 454 1409 483 iv.

900 495 969 522 180.

856 534 1010 574 AEgyptia
1025 545 1115 570 sacra,
1132 535 1162 565 ii.
1174 539 1223 566 81.

856 576 1002 617 AEgyptii
1017 587 1088 606 cum
1104 577 1180 617 Cyri
1201 577 1316 608 familia
1338 590 1411 620 cog-

898 618 1055 648 nationem
1081 618 1138 648 sibi
1163 619 1297 660 fingunt‚
1320 621 1360 650 iii.
1382 625 1412 650 9.

898 660 1043 701 pleraque
1067 661 1169 691 omnia
1191 662 1310 692 diversa
1331 673 1349 692 a
1363 674 1411 692 ce-

898 702 971 732 teris
993 703 1168 733 hominibus
1188 704 1411 734 constituerunt

898 744 1037 775 instituta
1056 752 1087 775 et
1112 746 1191 786 jura,
1215 754 1251 775 ut
1269 746 1336 776 coeli
1358 757 1410 777 eo·

898 797 969 816 rum
980 796 1010 816 et
1022 787 1158 818 fluminis
1167 788 1285 818 diversa
1299 796 1343 819 est
1358 800 1412 818 na—

899 836 979 865 tura,
993 829 1023 858 ii.
1037 832 1086 859 35.
1098 840 1209 860 eorum
1225 830 1363 861 instituta
1379 839 1411 861 et

896 872 976 911 jura,
1001 871 1032 900 ii.
1049 874 1099 907 35,
1126 876 1176 907 36,
1199 880 1248 902 etc.
1271 874 1410 903 omnium

898 913 1062 943 hominum
1077 913 1193 954 primos
1215 925 1245 944 se
1263 915 1414 952 arbitrati,

898 955 928 984 ii.
951 959 980 985 2.
1024 955 1166 997 Phrygas
1201 964 1306 987 tamen
1349 968 1413 987 esse

898 997 1014 1038 priores
1025 998 1207 1035 concedunt,
1220 998 1293 1029 ibid.
1303 999 1334 1028 in
1344 1010 1412 1041 sep-

899 1046 963 1069 tem
988 1039 1150 1070 hominum
1175 1051 1289 1081 genera
1311 1041 1412 1071 distri-

898 1081 978 1118 buti,
990 1082 1020 1111 ii.
1036 1086 1103 1112 164.
1118 1082 1280 1112 hominum
1295 1084 1412 1125 sapien-

899 1124 1018 1160 tissimi,
1032 1124 1060 1153 ii.
1078 1127 1147 1155 160.
1170 1125 1340 1155 multarum
1364 1137 1412 1156 re-

899 1176 971 1195 rum
997 1166 1171 1207 cognitione
1195 1168 1303 1197 ceteris
1325 1176 1411 1198 ante-

900 1207 1024 1244 cellunt,
1035 1209 1065 1237 ii.
1079 1212 1146 1238 121.
1160 1219 1267 1239 eorum
1277 1210 1413 1247 inventa,

900 1249 930 1279 ii.
938 1254 971 1286 4,
982 1254 1031 1280 82.
1047 1251 1138 1291 primi
1148 1251 1412 1283 immortalitatem

900 1303 1072 1325 animarum
1116 1302 1335 1330 asseverarunt,
1383 1295 1414 1325 ii.

902 1339 970 1365 123.
1002 1335 1094 1375 primi
1119 1345 1233 1365 annum
1259 1337 1413 1378 excogita-

899 1386 984 1413 runt,
1009 1386 1039 1407 et
1062 1377 1093 1407 in
1108 1388 1226 1408 menses
1249 1378 1411 1410 duodecim

901 1418 1132 1455 distribuerunt,
1153 1420 1182 1449 ii.
1195 1424 1226 1450 4.
1255 1421 1413 1463 prodigio-

900 1472 971 1491 rum
985 1461 1289 1498 obsewanfissimifii.
1303 1467 1352 1493 82.
1367 1464 1413 1494 di-

901 1503 1090 1534 vinationem
1117 1505 1207 1535 certis
1232 1505 1289 1536 diis
1311 1506 1412 1536 vindi-

903 1553 983 1581 cant,
996 1545 1025 1575 ii.
1039 1549 1089 1576 83.
1102 1546 1208 1587 ignem
1222 1547 1335 1578 animal
1351 1559 1413 1579 esse

902 1596 1046 1624 asserunt,
1069 1588 1109 1618 iii.
1127 1592 1174 1619 16.
1201 1589 1262 1619 suis
1275 1590 1414 1621 moribus

902 1638 932 1660 et
946 1630 1091 1660 institutis
1100 1631 1245 1667 contenti,
1258 1632 1287 1662 ii.
1298 1636 1347 1663 78.
1356 1643 1414 1664 nec

902 1672 971 1702 ullis
985 1672 1048 1702 aliis
1061 1673 1106 1702 uti
1121 1672 1239 1709 volunt,
1256 1673 1285 1704 ii.
1297 1679 1346 1706 91.
1366 1676 1413 1705 111-

902 1715 947 1744 hil
971 1725 988 1744 a
1013 1715 1130 1745 Graecis
1151 1716 1295 1752 mutuati,
1316 1717 1346 1747 ii.
1361 1722 1412 1749 49.

903 1768 1010 1787 eorum
1034 1757 1064 1786 in
1091 1760 1217 1788 Graecos
1239 1758 1413 1796 dicterium,

904 1799 932 1828 ii.
950 1803 997 1829 13.
1022 1798 1131 1840 quibus
1156 1800 1348 1840 potissimum
1366 1803 1413 1832 in-

904 1849 951 1871 ter
966 1852 1016 1871 eos
1032 1842 1094 1871 sine
1111 1842 1296 1883 agricultura
1310 1843 1415 1886 fruges

904 1884 1105 1924 prox-'enimin
1136 1891 1230 1925 utque
1261 1885 1344 1925 jacto
1368 1898 1414 1917 se-

904 1936 987 1955 nune
1010 1936 1106 1956 msua
1125 1937 1196 1956 rura
1217 1937 1284 1957 sues
1297 1936 1414 1959 unnut-

906 1975 984 2004 tant‚
1007 1968 1038 1998 ii.
1056 1972 1103 1998 14.
1128 1968 1258 1999 vitibusc
1274 1978 1371 2007 arent,
1384 1972 1414 2002 ii.

905 2013 955 2041 77.
977 2021 1085 2040 eorum
1111 2011 1218 2041 vinum
1243 2022 1282 2042 ex
1308 2013 1415 2049 ordeo,

904 2052 976 2085 ibid.
1011 2052 1089 2082 fabis
1113 2053 1278 2090 abstinent,
1311 2055 1340 2084 ii.
1363 2059 1414 2086 37.

903 2105 1013 2124 eorum
1049 2095 1156 2131 victus,
1194 2095 1266 2126 ibid.
1304 2107 1413 2128 eorum

904 2137 1051 2178 praecipui
1087 2145 1265 2174 conventus,
1310 2138 1340 2169 ii.
1363 2144 1414 2171 59.

903 2189 1011 2208 eorum
1037 2179 1196 2215 cantilena,
1218 2181 1247 2210 ii.
1270 2183 1319 2212 79.
1348 2192 1413 2212 me-

904 2221 963 2250 dici
977 2221 1058 2261 apud
1073 2232 1124 2251 eos
1147 2222 1272 2263 singulis
1296 2223 1413 2254 morbis

904 2263 1024 2304 singuli,
1059 2263 1088 2293 ii.
1110 2267 1159 2294 84.
1188 2275 1295 2295 eorum
1321 2276 1414 2303 sacra,

904 2305 933 2335 ii.
947 2309 999 2342 89,
1011 2309 1061 2337 40.
1074 2316 1181 2336 eorum
1191 2308 1371 2344 sacerdotes,
1385 2309 1413 2339 ii.

904 2351 952 2380 37.
975 2359 1107 2392 quorum
1127 2359 1223 2381 unum
1245 2357 1289 2381 est
1311 2351 1412 2394 ponti-
