1553 2739
617 328 853 362 INDEX.
1258 334 1299 363 41

152 420 229 456 Elis,
241 415 423 450 AEtolorum
438 414 567 453 colonia,
580 414 644 446 viii.
658 419 707 447 73.

154 463 303 493 Eleorum
329 459 537 501 agonothetae,
572 458 613 489 vi.
640 462 707 489 127.

194 505 343 536 Eleorum
365 502 568 543 justissimum
593 512 627 530 ac
642 512 708 531 ma-

194 547 314 578 ximum
327 552 492 579 certamen,
505 543 533 574 ii.
547 547 614 575 160.
625 545 708 585 quod

195 598 300 621 tamen
312 594 458 628 arguunt,
470 587 623 628 AEgyptii,
636 586 709 617 ibid.

195 633 264 663 Elei
290 630 475 670 Minyarum
491 629 605 671 oppida
626 629 708 660 dele-

197 685 282 711 vere,
306 673 345 703 iv.
365 675 432 702 148.
463 671 530 701 Elei
553 671 709 702 venientes

195 724 266 759 post
280 713 425 757 proelium
440 725 509 744 suos
516 714 608 744 duces
619 714 709 745 exilio

196 770 251 791 cur
265 757 454 793 mulctarint,
466 757 505 787 ix.
521 761 570 788 77.
591 757 623 787 in
634 757 710 788 Eleo

195 812 273 844 agro
287 800 365 832 muli
379 810 433 830 cur
447 808 600 841 nequeant
612 800 711 842 gigni,

195 845 238 876 iv.
255 848 308 875 30·

153 887 264 919 Elorus
277 886 404 922 fiumen,
423 885 474 915 vii.
492 888 560 916 154.

151 933 301 972 Enagees‚
325 932 357 959 id
374 936 414 959 est
429 931 602 970 piaculares,
626 927 645 958 i.
657 931 707 959 61.

194 985 224 1004 v.
239 976 290 1004 71.

152 1018 296 1052 Enarees,
316 1013 538 1044 divinationem
553 1024 570 1043 a
585 1015 707 1044 Venere

193 1058 353 1091 habentes,
366 1057 408 1087 iv.
421 1060 472 1087 67.
487 1057 506 1086 i.
523 1059 592 1087 105.

150 1101 327 1136 Enchelees,
343 1110 372 1130 v.
386 1103 423 1130 61
430 1123 437 1129 .

151 1144 254 1180 Eneti,
279 1142 331 1184 qui
343 1149 413 1172 sunt
428 1152 464 1172 ex
480 1141 591 1182 Illyriis
609 1149 641 1172 et
655 1153 707 1172 eo-

192 1197 264 1217 rum
278 1186 336 1221 lex,
364 1184 383 1214 i.
400 1189 467 1216 196.
490 1184 591 1221 Enefi,
614 1185 645 1214 in
659 1187 707 1215 A-

193 1229 272 1265 dria,
284 1240 314 1259 v.
329 1232 357 1259 9.

152 1272 307 1307 Εῐιίεηεεε,
323 1270 372 1300 vii.
390 1273 543 1306 132,18ῦ,
561 1273 630 1301 198.

150 1315 286 1355 Enipeus
310 1313 424 1343 fluvius
452 1312 631 1349 Thessaliae,
655 1313 706 1344 vii.

195 1361 264 1387 129.

150 1401 377 1434 Enneacrunos,
390 1397 431 1427 vi.
449 1401 517 1428 137.

150 1441 340 1477 Enneaodoi,
354 1441 404 1470 vii.
421 1443 488 1470 114.

150 1485 244 1516 Eordi
258 1483 377 1526 populi,
391 1482 442 1513 vii.
460 1485 528 1514 185.

152 1527 309 1569 Epaphus,
335 1525 388 1567 qui
411 1533 442 1555 et
464 1525 556 1568 Apis,
590 1525 620 1556 ii.
637 1528 704 1556 153.

193 1570 234 1600 iii.
250 1574 302 1605 27,
319 1573 369 1599 28.

150 1612 272 1654 Epaphi
287 1611 382 1642 boves
397 1621 506 1646 mares,
522 1609 554 1640 ii·
570 1614 620 1641 38.

150 1655 298 1698 Ephesus,
328 1653 434 1684 civitas
461 1654 580 1689 Ionum,
614 1654 632 1683 i.
654 1657 704 1683 42.

195 1697 226 1728 ii.
247 1702 298 1734 lo,
320 1704 346 1727 ct
363 1699 432 1727 158.
467 1706 504 1726 ex
519 1695 642 1736 Epheso
665 1697 703 1726 ad

191 1740 294 1771 Sardis
307 1740 376 1775 iter,
400 1749 429 1768 v.
443 1741 492 1769 54.
514 1738 702 1779 Ephesinum

190 1783 355 1824 templum,
373 1781 403 1812 ii.
420 1784 488 1811 148.
510 1781 634 1822 Ephesii
649 1781 704 1812 ob-

191 1826 261 1856 sessi
295 1836 313 1855 a
339 1826 445 1856 Croeso
481 1823 591 1854 urbem
618 1835 702 1854 suam

191 1868 307 1898 donant
330 1867 451 1903 Dianae,
472 1866 491 1896 i.
505 1870 555 1896 26.
580 1866 703 1907 Ephesii

193 1911 248 1941 soli
273 1921 310 1940 ex
335 1908 457 1940 Ionibus
481 1908 518 1938 ab
542 1909 702 1950 Apaturiis

189 1953 274 1984 festis
287 1960 440 1988 arcentur,
453 1959 484 1982 et
499 1962 565 1989 cur,
577 1952 597 1982 i.
614 1955 680 1983 147.

152 1995 247 2038 Epori
262 1997 391 2036 Spartae,
409 1994 448 2024 ix.
462 1998 482 2025 6

150 2038 287 2080 Epialtes
295 2036 466 2078 Eurydemi
475 2036 565 2073 filius,
576 2037 700 2068 vii.213.

190 2079 476 2121 Thermopylarum
487 2080 638 2121 proditor,
650 2080 692 2110 vii

190 2127 264 2160 213,
277 2127 350 2159 214,
363 2130 411 2153 etc.
433 2123 498 2163 ejus
510 2122 586 2164 fuga
608 2130 640 2154 et
654 2122 700 2154 in-

188 2166 306 2201 teritus,
322 2165 372 2196 vii.
386 2169 456 2196 213.

146 2208 372 2250 Ephicichlides
386 2207 529 2244 Homeri,
551 2208 582 2239 ii.
593 2211 644 2239 24.

147 2251 299 2292 Epicydas
315 2250 424 2281 Glauci
440 2257 538 2292 pater,
553 2251 594 2281 vi.
609 2255 658 2282 86.

148 2293 331 2335 Epidaurus.
343 2292 449 2329 insula,
466 2300 555 2323 antea
570 2296 699 2324 Oenone

187 2336 279 2372 dicta,
297 2335 360 2366 viii.
374 2339 424 2366 46.
456 2335 628 2376 Epidaurus
648 2347 700 2366 ex-

189 2388 337 2422 pugnata,
361 2379 401 2411 iii.
415 2381 465 2411 52.
487 2378 634 2422 Epidauri
649 2387 699 2422 ty·

787 424 902 444 rannus
927 413 1059 451 Procles,
1082 414 1126 446 iii.
1139 419 1190 447 50.
1225 417 1300 459 Epi-

787 456 898 494 daurii,
917 456 936 486 i.
952 460 1021 488 146.
1053 458 1212 499 Epidaurii
1232 470 1302 490 ora-

788 499 893 530 culum
916 500 1090 537 consulunt,
1124 512 1222 542 quum
1248 515 1302 535 eo-

787 552 858 572 rum
891 542 982 573 tellus
1003 542 1081 574 nihil
1104 544 1300 585 produceret,

788 596 817 615 v.
842 589 892 615 82.
925 585 1099 626 Epidauriis
1123 586 1204 618 oleas
1229 600 1305 631 per·

786 627 916 659 mittunt
933 628 1148 666 Athenienses,
1166 638 1197 660 et
1219 631 1301 664 inter

787 681 838 700 eos
863 678 951 712 pacta
976 679 1007 701 et
1023 679 1100 709 acta,
1128 683 1158 702 v.
1172 676 1224 711 82,
1245 679 1296 707 83.

787 716 838 743 84.
858 714 893 744 iis
906 714 1064 756 AEginetae
1079 721 1168 745 antea
1190 727 1301 758 paren-

787 763 845 793 tes,
857 755 896 787 ab
911 756 948 786 iis
960 757 1141 795 desciscunt,
1154 766 1185 789 et
1201 759 1302 792 clades

787 799 935 836 inferunt,
954 810 983 830 v.
998 803 1050 830 83.

745 842 879 884 Epigoni
895 842 1038 879 Homeri,
1065 842 1089 873 si
1111 843 1207 876 modo
1233 846 1299 888 ejus

787 892 869 921 sunt,
883 885 924 915 iv.
938 889 988 916 32.

743 928 946 970 Epigramma
960 928 1039 959 vatis
1048 929 1226 979 'Megistiaffi
1247 931 1298 962 vii.

786 974 856 1000 2:28.
877 971 1070 1002 Mandrochs
1081 974 1185 1009 Samu,
1198 985 1238 1004 iv.
1251 978 1301 1005 83.

785 1013 1011 1054 epigrammata
1065 1015 1300 1055 Spartiatarum,

785 1056 838 1097 qui
853 1055 1024 1087 occubuere
1039 1057 1077 1087 ad
1098 1057 1298 1100 Thermopy-

786 1098 839 1134 las,
853 1098 903 1128 vii.
915 1102 985 1129 228.
1007 1099 1166 1141 tripodum
1189 1100 1300 1133 litteris

787 1140 932 1172 Cadmeis
945 1141 1048 1178 incisa,
1072 1153 1102 1172 v.
1116 1146 1168 1179 59,
1182 1148 1234 1182 60,
1247 1149 1297 1175 61.

785 1184 1001 1221 Ἐπισκύθισον,
1022 1184 1055 1215 id
1069 1192 1126 1221 est,
1151 1188 1214 1228 Age
1229 1189 1298 1223 Sci*-

785 1228 862 1256 tham
874 1241 884 1256 .-
902 1226 962 1257 hoc
973 1234 1030 1264 est,
1043 1224 1297 1270 intemperantius

786 1268 873 1305 bibe,
889 1269 930 1299 vi.
944 1273 994 1299 84.

744 1311 948 1354 Epistrophus
954 1312 1187 1354 Amphimnesti
1198 1322 1296 1356 pater,

786 1355 826 1385 vi.
843 1358 913 1385 127.

743 1397 866 1438 Epium.
880 1397 1041 1439 oppidum,
1063 1397 1104 1429 iv.
1120 1402 1188 1429 148.

743 1439 888 1482 Epizelus
911 1441 1108 1482 Cuphagorae
1131 1441 1222 1479 filius,
1255 1443 1296 1473 vi.

788 1487 856 1514 117.
877 1493 974 1514 caecus
997 1483 1029 1514 in
1052 1484 1115 1514 acie
1138 1485 1295 1525 quomodo

782 1525 891 1562 factus,
904 1525 979 1556 ibid.

741 1568 851 1609 Epulae
866 1568 897 1598 in
912 1568 1005 1606 festis,
1026 1568 1044 1598 i.
1059 1573 1110 1599 31.

741 1612 829 1652 Equa
843 1610 980 1652 leporem
1006 1612 1103 1648 enixa,
1126 1611 1176 1642 vii.
1190 1616 1240 1644 57.
1262 1624 1295 1644 e-

782 1665 852 1695 quae
867 1661 929 1684 tres
945 1654 1141 1695 Olympiacas
1152 1655 1294 1687 victorias

781 1696 914 1737 adeptae,
935 1696 987 1727 ubi
1003 1697 1140 1738 sepultae,
1165 1698 1207 1728 vi·
1226 1703 1295 1729 103.

781 1749 869 1780 equae
890 1739 1057 1770 Thessaliae
1082 1740 1221 1781 optimae,
1246 1742 1298 1772 vii.

785 1786 853 1812 196.
877 1782 963 1823 equis
988 1782 1084 1823 pisces
1108 1794 1166 1823 pro
1180 1783 1295 1824 pabulo

782 1824 847 1861 ubi,
870 1835 900 1855 v.
917 1829 964 1856 16.
988 1824 1060 1865 equi
1084 1825 1224 1856 colubros
1241 1838 1296 1856 vo-

781 1874 863 1903 rant,
885 1867 903 1897 i.
917 1871 967 1898 78.
996 1867 1067 1908 equi
1083 1869 1157 1898 sacri
1173 1869 1294 1899 candidi

780 1909 812 1940 in
828 1911 903 1950 Cyri
919 1909 1065 1945 exercitu,
1087 1910 1105 1939 i.
1124 1914 1191 1942 189.
1222 1912 1294 1952 equi

781 1952 858 1982 sacri
880 1952 911 1982 in
936 1952 1071 1982 exercitu
1094 1953 1218 1990 Xerxis,
1242 1955 1295 1984 vii.

780 1998 830 2026 55.
872 1995 944 2036 equi
974 1993 1112 2025 fluviales
1133 1996 1295 2037 AEgyptiis

782 2037 869 2073 sacri,
903 2048 1012 2068 eorum
1035 2045 1155 2074 natura,
1185 2046 1216 2068 et
1239 2039 1293 2069 de-

780 2080 918 2121 scriptio,
941 2080 971 2110 ii.
986 2083 1035 2110 71.
1067 2091 1162 2121 equos
1183 2082 1293 2122 praeci-

780 2133 840 2164 pue
856 2122 1018 2153 immolant
1033 2123 1166 2163 Scythae,
1188 2123 1228 2154 iv.
1243 2128 1293 2155 61.

779 2165 850 2206 equi
868 2164 920 2195 ubi
946 2165 1009 2196 Soli
1033 2165 1244 2200 immolantur,
1271 2167 1291 2196 i.

780 2211 850 2239 216.
871 2219 968 2249 equus
983 2207 1134 2238 camelum
1150 2209 1292 2239 reformi-

780 2251 833 2281 dat
857 2258 889 2281 et
911 2251 980 2281 ideo
1006 2258 1112 2280 contra
1134 2262 1229 2292 equos
1244 2262 1294 2282 ca-

779 2293 853 2324 rneli
872 2293 1024 2329 instructi,
1051 2293 1071 2323 i·
1094 2296 1142 2323 80.
1177 2293 1227 2323 vii.
1241 2298 1292 2325 87.

779 2336 861 2377 apud
877 2337 983 2366 Persas
994 2334 1147 2366 habebant
1157 2336 1294 2373 nomina,

777 2378 818 2410 iii.
833 2381 881 2410 88.
903 2389 1054 2421 equorum
1068 2378 1225 2421 regiorum
1236 2379 1295 2410 su:—
