1553 2739
267 316 309 348 92

267 398 399 432 veneris
409 397 534 429 Vraniae
548 395 702 438 templum
714 409 732 428 a
747 400 821 439 Scy-

311 442 374 473 this
395 440 608 481 compilatum,
629 440 648 469 i.
667 444 735 471 105.
755 443 819 471 Ve-

306 484 389 515 neris
410 483 515 513 fanum
549 482 631 523 apud
656 483 822 525 Cyprum,

308 527 383 558 ibid.
417 524 553 564 Myh‘tta
566 524 702 564 Assyriis
727 526 816 561 dicta,

310 567 468 600 Arabibus
483 565 595 603 Alina,
619 567 720 597 Persis
736 568 815 598 Mit-

307 621 352 647 ra,
375 610 394 640 i.
419 612 487 639 1:31.
522 609 640 639 Vrania
660 609 818 640 Arabibus

306 652 418 685 Alilat.
443 651 483 681 iii.
510 654 538 681 8.
581 652 712 682 Veneris
736 660 817 682 tem—

307 695 396 736 plum
411 693 493 736 apud
502 693 708 729 Atarbechin,
723 695 752 724 ii.
766 699 816 725 41Δ

307 737 439 768 Veneris
452 736 595 777 hospitae,
609 746 676 777 quae
694 737 815 768 Helena

303 779 375 816 fuit,
388 780 478 815 aedes,
494 778 523 809 ii.
540 782 598 809 112
629 779 814 819 Scytharum

306 823 365 853 dea
389 830 420 853 et
442 821 480 852 ab
503 820 613 852 iisdem
633 821 813 864 Artimpasa

306 865 398 901 dicta,
418 864 457 894 iv.
472 868 525 895 59.

262 908 370 939 Venus
383 907 512 948 Assyria
526 913 558 937 et
575 905 775 947 Babylonica,
795 907 813 937 i.

308 954 376 981 199.

262 992 452 1023 Vehiculum
479 993 596 1034 Spattae
616 991 815 1030 honoratum,

305 1035 368 1065 viii.
385 1038 455 1064 124.

262 1078 359 1108 Venti
384 1076 484 1107 etesiae
518 1086 580 1106 non
605 1083 675 1106 sunt
711 1087 815 1107 caussa

303 1118 518 1150 exundationis
532 1117 613 1155 Nili,
621 1119 649 1148 ii.
664 1122 715 1149 ΞΟ.
740 1129 814 1149 ven-

303 1170 408 1192 torum
424 1171 475 1191 ara
489 1161 520 1191 in
535 1160 651 1201 Thyia,
664 1161 715 1191 vii.
732 1165 801 1192 178-

260 1205 383 1234 Ventus
399 1203 600 1243 Strymonias,
613 1203 677 1233 viii.
693 1207 761 1234 118.

260 1248 383 1277 Ventus
398 1245 641 1287 Hellespontias‚
654 1245 705 1275 vii.
723 1249 792 1275 188.

259 1290 386 1320 Veritas
409 1296 439 1319 et
459 1287 657 1318 mendacium
673 1288 812 1329 ejusdem

302 1331 406 1373 pretii,
419 1330 460 1360 iii.
476 1333 526 1361 72.

259 1376 367 1404 Verua
382 1373 476 1414 quina
491 1371 634 1408 AEoffim,
650 1372 682 1403 ii.
700 1376 749 1403 537.

259 1417 357 1447 Vesta
374 1415 560 1455 Scytharum
574 1415 639 1449 dea,
663 1415 704 1445 iv.
718 1418 768 1446 59.

257 1461 370 1489 Vestes
384 1458 478 1489 laneae
493 1457 546 1488 ubi
561 1456 708 1498 profante,
718 1457 747 1487 ii.
763 1461 813 1488 81.

258 1501 362 1532 Vestis
376 1500 477 1531 Ionica
492 1508 523 1531 et
537 1499 663 1536 Dorica,
686 1510 715 1530 v.
734 1503 782 1531 87.

257 1544 320 1574 Via
335 1553 428 1578 sacra,
445 1542 485 1572 vi.
498 1545 548 1573 34.

258 1586 330 1617 Vici
347 1586 533 1621 Medorum,
547 1584 566 1614 i.
581 1587 631 1616 86.

257 1629 386 1661 Vicinos
409 1627 501 1659 Medi
523 1634 555 1657 et
579 1628 679 1658 Persae
696 1626 812 1664 colunt,

301 1671 319 1701 i.
336 1674 405 1701 1:34.

257 1713 405 1747 Victima).
432 1711 586 1743 caedendae
611 1711 690 1743 ritus
726 1712 809 1755 apud

300 1755 439 1796 Scythas,
452 1754 492 1784 iv.
507 1758 556 1785 60.

257 1798 377 1831 Vinum
392 1797 560 1839 palmeum,
577 1797 607 1827 ii.
621 1800 670 1828 86.
686 1807 723 1827 ex
734 1796 808 1827 hor-

299 1841 359 1872 deo
379 1838 463 1881 apud
476 1839 659 1880 AEgyptios‚
672 1839 702 1869 ii.
717 1842 766 1870 77.

255 1883 446 1924 Viperarum
466 1881 625 1923 generatio
652 1892 706 1913 cur
731 1892 810 1918 rara,

299 1926 340 1956 iii.
358 1928 429 1960 108,
445 1928 514 1956 109.

255 1969 316 2000 vir
328 1967 462 2010 prudens
478 1966 509 1997 in
525 1966 798 2010 suscipienda-inid

299 2011 426 2053 cogitet,
442 2009 494 2040 vii.
506 2013 557 2042 49.

255 2053 425 2095 virginum
447 2052 549 2083 auctio
574 2051 656 2101 apud
683 2051 808 2093 Babyli-

296 2096 375 2131 nios,
398 2095 417 2125 i.
434 2098 502 2126 196.
527 2094 663 2136 virgmes
687 2093 740 2125 ubi
756 2094 808 2125 de-

296 2138 494 2179 virginentur
515 2147 533 2167 a
550 2147 642 2185 rege,
665 2137 717 2184 jv.
741 2140 808 2167 168.

296 2190 457 2221 virginum
487 2189 709 2210 aumversanus
735 2190 806 2210 con-

297 2223 410 2258 flictus,
424 2222 465 2252 iv.
482 2225 550 2252 180.

256 2265 326 2297 viri
341 2264 430 2307 pauci
441 2264 524 2306 apud
541 2266 656 2297 Persas.
664 2263 804 2297 homines

298 2307 402 2343 multi,
422 2307 473 2337 vii.
487 2310 557 2337 210.

256 2350 332 2383 Vita
347 2350 459 2388 lonica,
474 2349 515 2382 iv.
530 2351 580 2384 95.

716 309 954 347 INDEX.

856 399 941 431 Vitae
957 399 1100 431 humana:
1115 399 1250 432 brevitas
1271 410 1303 433 et
1327 402 1411 434 cala·-

898 442 999 479 mstas,
1013 442 1113 474 vii.46.
1127 443 1191 474 dies
1205 444 1292 481 varii,
1306 445 1328 476 i.
1343 450 1394 476 32.

856 484 938 515 Vitis
951 496 985 515 ac
1001 484 1141 526 platanus
1155 497 1258 524 aurea,
1273 488 1326 518 vii.
1338 492 1376 519 27
1382 507 1389 515 ·

856 526 954 557 Vivos
979 527 1123 559 defodere
1147 529 1246 560 Persis
1279 529 1312 560 in
1337 540 1408 566 usu,

897 569 950 600 vii.
978 573 1047 600 114.

855 611 944 642 Ultio
968 611 1072 642 fratris
1093 613 1270 652 necessaria,
1291 613 1333 644 iii.
1353 618 1404 645 65.

897 654 1063 685 vehemens
1078 655 1160 696 apud
1173 657 1258 687 Deos
1271 656 1405 687 invidio-

896 707 937 733 sa,
950 697 990 727 iv.
1004 700 1075 728 205.

854 739 989 779 Ulysses‚
1012 739 1041 770 ii.
1056 743 1088 775 7,
1101 743 1152 770 26.

855 781 969 812 Umbri
984 793 1056 824 pop.
1070 782 1090 812 i.
1108 785 1157 813 94.
1172 781 1211 813 iv.
1227 786 1276 814 49.

853 823 1072 854 Vocalissimus
1082 824 1264 866 AEgyptius,
1278 824 1319 856 iv.
1336 829 1406 857 141.

853 866 982 897 Urbana
997 867 1156 903 Minerva,
1176 877 1206 897 v.
1219 871 1270 898 82.

837 939 842 944 ,
855 908 992 940 Urbium
1008 909 1138 940 Graeciae
1148 909 1339 940 incrementa
1349 910 1403 941 de-

895 959 1123 992 crementaque,
1139 951 1158 981 i.
1173 955 1202 983 5.

853 993 957 1025 Urbes
982 1005 997 1024 a
1013 994 1110 1024 Dario
1133 994 1164 1025 in
1179 992 1305 1035 Scythia
1329 1005 1404 1026 con-

893 1036 977 1072 dstae,
998 1036 1038 1066 iv.
1056 1039 1126 1066 124.

852 1078 978 1109 Uraniae
994 1078 1124 1108 Veneris
1137 1077 1244 1109 fanum
1257 1079 1403 1110 vetustis-

894 1121 1019 1155 simum,
1040 1120 1058 1150 i.
1076 1123 1144 1151 105.
1166 1121 1231 1162 ejus
1245 1121 1400 1162 templum

894 1173 912 1192 a
938 1162 1059 1202 Scythis
1081 1162 1235 1204 diripitur,
1260 1162 1334 1194 ibid.
1369 1175 1403 1194 a-

894 1205 959 1246 pud
985 1207 1093 1236 Persas
1117 1204 1274 1241 sacrificia,
1297 1204 1316 1235 i.
1334 1209 1403 1236 131.

894 1247 1012 1279 Urania
1035 1249 1142 1278 Venus
1165 1246 1265 1278 Amat
1286 1247 1407 1279 Arabi-

894 1290 953 1320 bus
964 1289 1058 1326 dicta,
1071 1289 1112 1319 iii.
1127 1292 1157 1319 8.

852 1332 952 1364 Urina
981 1331 1059 1362 hirci
1080 1331 1192 1373 spasmi
1216 1331 1401 1370 remedium,

893 1375 932 1405 iv.
955 1378 1023 1405 187.

852 1419 1007 1448 Ursorum
1022 1427 1056 1447 ac
1070 1415 1217 1458 luporum
1231 1414 1402 1458 sepuhura,

894 1459 924 1489 ii.
941 1463 990 1490 67.

849 1499 1134 1535 UrotalArabibus.
1142 1500 1311 1542 Dionysus,
1318 1500 1360 1532 iii.
1368 1503 1400 1532 8.

849 1544 918 1575 Utii
943 1543 1085 1585 populus,
1112 1543 1152 1572 iii.
1167 1547 1217 1574 93.
1242 1550 1273 1573 et
1288 1553 1403 1574 eorum

889 1586 920 1617 in
938 1586 1052 1617 Xerxis
1075 1584 1212 1616 exercitu
1233 1593 1403 1624 armatura,

889 1629 939 1659 vii.
953 1632 1004 1660 68.

846 1671 979 1703 Vulcani
995 1669 1178 1707 sacerdotes,
1190 1669 1220 1700 ii.
1235 1674 1264 1700 3.
1285 1676 1315 1699 et
1331 1680 1400 1700 ma·

889 1713 1007 1745 ximum
1025 1712 1178 1753 templum
1194 1711 1354 1753 Memphi,
1367 1713 1400 1743 ii.

890 1760 940 1787 99.
972 1754 1136 1792 vestibula,
1171 1754 1202 1784 ii.
1228 1758 1299 1790 101,
1329 1758 1401 1786 121.

889 1797 1021 1829 Vulcani
1045 1797 1188 1833 colossus,
1217 1796 1246 1827 ii.
1273 1799 1342 1832 176,
1365 1804 1398 1829 et

887 1840 947 1877 sax,
963 1840 1016 1870 vii.
1030 1842 1079 1871 98.
1101 1838 1234 1870 Vulcani
1243 1838 1398 1881 templum

889 1891 919 1914 et
936 1890 1046 1918 statua,
1067 1881 1108 1911 iii.
1123 1885 1174 1912 537.

846 1925 1053 1967 Vulpanseres
1067 1923 1230 1966 AEgyptiis
1253 1923 1341 1961 sacrI,
1364 1923 1398 1956 ii.

889 1971 939 1999 79..

847 2013 936 2042 Uxor
952 2008 1119 2041 Candaulis
1127 2007 1212 2050 Gygi
1227 2007 1309 2039 nuda
1321 2007 1401 2046 visa,

889 2053 907 2083 i.
923 2058 951 2084 9.
965 2061 1097 2082 uxorum
1112 2050 1261 2082 mactatio
1276 2050 1315 2081 ad
1330 2060 1398 2081 ma—

887 2094 940 2126 riti
964 2093 1067 2129 funus,
1091 2103 1120 2124 v.
1142 2096 1170 2124 5.
1214 2103 1324 2124 uxores
1347 2094 1403 2125 A·

888 2136 1037 2170 theniens.
1051 2142 1163 2178 raphu,
1176 2134 1227 2166 vii.
1244 2138 1312 2166 138.

1097 2221 1141 2252 X.

845 2307 902 2337 ΧΑ
909 2315 929 2336 N
936 2315 1024 2336 rum
1031 2315 1043 2336 s
1060 2313 1196 2345 campus,
1216 2302 1238 2335 i.
1251 2306 1324 2338 173.

845 2347 976 2381 Xanthii
987 2347 1131 2392 populus,
1138 2344 1218 2380 ibid·
