1553 2739
606 291 842 325 INDEX.

1263 284 1300 321 32

149 375 335 417 Colophonii
362 375 418 408 soli
443 386 497 407 cur
521 386 558 407 ex
584 376 708 407 Ionibus
747 375 858 418 Copais
869 374 965 418 palus,
988 374 1050 406 viii.
1065 375 1134 407 135.

190 418 229 448 ab
242 419 403 461 Apaturiis
416 419 499 449 festis
513 428 665 456 arcentur,
687 419 706 449 1.
746 421 884 459 Corcyra
898 429 915 448 a
931 417 1101 450 Corinthiis
1114 415 1248 454 condita,
1261 416 1302 448 iii.

195 464 264 492 147.

149 502 419 545 Colophoniorum
435 502 572 544 profugi,
598 504 706 544 Smyr-

191 555 263 576 nam
279 554 441 587 occupant,
462 546 480 575 i.
498 549 565 576 150.

149 586 295 625 Colossae‚
309 588 458 630 oppidum
474 587 632 630 Phrygiae,
655 588 706 618 vii.

192 634 244 660 30.

148 671 278 709 Colossi,
302 671 332 703 ii.
349 676 419 709 130,
446 675 516 708 143,
542 675 612 708 153,
637 676 706 709 175,

193 717 262 745 176.
296 714 413 746 Colossi
439 715 521 755 apud
536 715 706 756 AEgyptios

190 757 336 798 cujusque
351 757 514 798 pontificis,
528 758 557 788 ii.
576 761 643 787 143.

149 798 313 830 Columbae
339 799 510 830 Dodonaeae
533 800 648 841 nigrae,
676 800 705 830 ii.

147 883 319 917 Columbas
351 883 434 915 albas
466 895 520 916 cur
552 882 707 926 expellant

191 928 303 962 Persae,
321 927 339 957 i.
358 930 425 956 188.

149 968 314 1000 Columnae
329 968 407 1000 albae
420 969 450 999 in
462 968 563 1004 Caria,
575 981 604 999 v.
615 971 686 999 118.

148 1010 313 1043 Columnae
345 1012 440 1042 instar
461 1011 645 1054 palmarum,
677 1011 706 1042 ii.

149 1096 283 1128 comam
305 1095 535 1127 Lacedaemonii
550 1107 588 1127 ex
601 1107 662 1138 quo
674 1107 706 1126 a-

189 1137 255 1169 lant
276 1139 430 1180 etArgivi
451 1149 523 1175 non,
548 1139 567 1169 i.
583 1142 632 1168 82.
656 1150 705 1169 οο-

189 1190 274 1211 mam
281 1181 480 1221 utBabylonii
486 1189 603 1222 gerant,
611 1182 628 1210 i.
638 1185 706 1212 195.

189 1231 348 1264 pectentes
380 1223 622 1259 Lacedaemonii,
653 1223 704 1254 vii.

189 1269 262 1296 208.
285 1276 405 1296 comam
421 1274 455 1296 ut
478 1265 560 1296 alant
585 1274 615 1296 et
637 1274 706 1296 ton-

192 1307 284 1338 deant
299 1309 416 1345 Macae,
435 1307 474 1337 iv.
495 1311 562 1339 175.
585 1318 705 1339 comam

190 1351 349 1392 quomodo
364 1358 485 1393 gestent
501 1351 646 1392 leyes,
666 1352 706 1382 iv.

143 1435 307 1468 'Combrea
321 1434 402 1471 urbs,
420 1434 472 1465 vii.
488 1438 557 1465 123.

149 1477 329 1510 Comedunt
342 1478 373 1507 in
386 1477 442 1508 viis
458 1477 613 1519 AEgypfii,
632 1489 707 1508 ven-

193 1527 274 1550 trem
290 1520 374 1550 domi
389 1528 566 1556 exonerant,
583 1520 611 1550 ii.
626 1524 675 1551 85.

149 1563 337 1603 Compsatus
351 1562 472 1598 fluvius,
498 1563 547 1592 vii.
566 1566 634 1594 109.

149 1604 322 1647 Conchylia
338 1604 369 1634 in
392 1604 550 1635 montibus
562 1605 710 1649 AEgypti,

189 1647 221 1678 ii.
244 1650 291 1677 12.

149 1689 294 1720 Coniaeus
307 1688 415 1719 Thess.
429 1699 458 1719 v.
471 1693 520 1720 63.

150 1733 256 1762 Conos
271 1731 336 1774 pini
355 1731 484 1768 fructus,
497 1732 529 1762 ii.
543 1736 593 1762 20.

144 1773 288 1806 Consilio
303 1773 385 1805 bono
409 1773 481 1805 felix
495 1782 635 1812 eventus,
657 1775 708 1805 vii.

142 1858 394 1891 consuetudines
405 1859 494 1889 avitae
504 1858 626 1901 placent
633 1870 709 1902 gen·

194 1900 218 1930 ti
234 1901 352 1942 cuique,
379 1901 419 1931 iii.
435 1905 484 1931 38.

148 1943 338 1975 Consultant
361 1945 462 1974 Persae
485 1944 566 1974 inter
590 1943 710 1986 pocula,

193 1993 225 2016 et
260 1985 387 2026 quidem
419 1986 458 2016 de
490 1984 580 2016 rebus
615 1986 708 2016 etiam

192 2028 327 2058 maxime
342 2028 436 2064 seriis,
459 2027 510 2059 sed
534 2028 572 2058 ab
599 2028 708 2059 iisdem

193 2070 301 2100 sobriis
349 2070 526 2101 confirmari
585 2079 708 2112 oportet

194 2113 317 2143 consilia
342 2123 412 2154 quae
433 2120 500 2143 tum
523 2120 611 2154 capta
643 2113 708 2143 fue-

194 2155 268 2189 rint,
293 2155 312 2185 i.
342 2159 399 2185 133
433 2155 605 2185 consultare
631 2155 708 2186 130110

193 2198 364 2228 maximum
381 2205 425 2228 est
441 2197 571 2234 lucrum,
593 2198 643 2228 vii.
662 2202 707 2234 10,

195 2240 224 2278 ς.
239 2244 268 2269 4.

150 2282 365 2312 'Contadesdus
378 2282 499 2318 fluvius,
522 2280 561 2311 iv.
577 2286 628 2312 90.

142 2324 298 2356 reonvitia
313 2325 435 2356 irritant
449 2325 538 2363 iram,
553 2325 601 2355 vii.
621 2329 688 2356 160.

786 466 835 492 49.
870 460 899 491 ei
927 460 1086 503 imperitat
1124 460 1302 497 Periander.

786 503 826 533 iii.
841 506 892 535 52.

745 545 914 586 Corcyraei,
927 545 966 575 iii.
976 548 1029 582 48,
1042 549 1093 577 49.
1110 555 1218 577 eorum
1230 555 1302 577 cum

788 587 957 619 Corinthiis
971 596 1121 629 perpetua
1141 588 1304 624 discordia,

785 631 826 661 iii.
849 634 898 662 49.
929 630 1120 661 interficiunt
1144 630 1304 661 Periandri

785 673 897 709 filium,
917 672 958 703 iii.
977 677 1026 704 53.
1048 672 1079 703 10
1091 672 1173 704 130110
1189 673 1303 704 Xerxi-

785 726 844 745 ano
855 723 954 746 astute
965 722 1146 746 neutrarum
1157 716 1305 758 partium,

785 759 836 788 vii.
856 762 921 790 168.

744 800 890 832 Coressus
921 800 953 832 in
977 809 1054 841 agro
1085 798 1230 842 Ephesio,
1271 809 1302 831 v.

788 847 856 874 100.

745 885 981 918 Corinthiorum
997 885 1120 926 tyranni
1136 885 1246 915 Eetion
1270 892 1302 916 et

787 928 954 959 Periander
978 927 1070 963 filius,
1091 938 1119 957 v.
1137 931 1187 959 92.
1223 929 1301 958 Cor-

785 970 875 1001 inthii
900 980 985 1001 cccc
1010 970 1152 1000 adversus
1176 972 1303 1001 Persam

785 1013 879 1049 missi,
893 1012 943 1042 vii.
958 1015 1030 1042 200.
1054 1012 1208 1043 Corinthii
1222 1012 1302 1043 min-

784 1055 847 1085 ime
883 1054 1053 1086 contemtui
1086 1053 1200 1085 habent
1234 1055 1301 1096 opi-

785 1097 866 1134 fices,
897 1097 927 1127 ii.
952 1100 1021 1127 167.
1065 1096 1302 1129 Corinthiorum

785 1140 955 1175 thesaurus,
976 1139 995 1169 i.
1013 1142 1061 1174 14,
1082 1143 1134 1170 50.
1165 1139 1197 1169 iv
1232 1143 1302 1171 162.

785 1193 893 1212 eorum
909 1190 939 1212 et
963 1181 1137 1212 Samiorum
1161 1182 1300 1213 simulta-

785 1232 840 1261 tes,
861 1224 902 1255 iii.
917 1228 968 1254 48.
999 1234 1108 1254 eorum
1134 1234 1204 1254 cum
1221 1225 1300 1256 Cor·

784 1267 892 1307 cyraeis
914 1266 1074 1301 discordia,
1095 1265 1137 1296 iii.
1149 1270 1200 1298 49.
1222 1268 1302 1298 Cor-

783 1309 874 1340 inthii
911 1309 1155 1350 Peloponnenses
1195 1317 1302 1340 contra

784 1351 989 1382 Athenienses
1019 1351 1171 1387 deserunt,
1198 1363 1229 1382 v.
1251 1355 1302 1383 75.

787 1393 941 1424 Corinthii
962 1403 1056 1424 naves
1076 1403 1207 1424 nummo
1227 1405 1303 1425 ven·

785 1436 862 1467 dunt
872 1434 1124 1471 Atheniensibus,
1135 1436 1216 1467 dono
1228 1437 1302 1468 dare

786 1478 854 1520 lege
879 1477 1041 1520 prohibiti,
1065 1478 1105 1508 vi.
1121 1481 1170 1509 89.
1191 1489 1300 1510 eorum

785 1520 860 1562 fuga
895 1520 995 1551 socios
1030 1520 1236 1552 deserentium
1269 1522 1300 1552 in

784 1562 867 1593 bello
883 1563 1015 1598 Persico,
1028 1562 1089 1592 viii.
1104 1566 1153 1594 94.
1175 1564 1303 1595 eorund-

785 1605 894 1641 virtus‚
908 1605 946 1635 ix.
962 1608 1029 1635 102.
1049 1604 1220 1636 Corinthiae
1232 1617 1302 1636 mu-

784 1647 874 1678 lieres
888 1648 1037 1678 universae
1057 1655 1155 1678 exutae
1173 1658 1190 1677 a
1214 1649 1299 1679 Peri-

786 1690 882 1720 andro
894 1697 925 1720 et
939 1701 1003 1726 cur,
1017 1701 1045 1719 v.
1063 1694 1111 1720 92.
1138 1690 1300 1721 Corinthia

785 1732 877 1762 vestis
900 1733 948 1762 cui
956 1731 1118 1763 simillima
1138 1741 1184 1763 est
1198 1734 1303 1771 Doris,

786 1778 880 1805 2187.

744 1817 912 1848 Corinthus
925 1815 1008 1853 felix,
1029 1816 1067 1847 iii
1083 1820 1134 1847 52.

744 1860 869 1890 Cornua
876 1858 1040 1902 pecoribus
1053 1859 1106 1890 ubi
1118 1866 1238 1890 mature
1248 1868 1301 1893 aut

784 1901 850 1932 fero
864 1909 1038 1937 nascuntur,
1059 1901 1101 1932 iv.
1115 1906 1164 1932 29.

744 1943 896 1975 Corobius
908 1943 1116 1985 purpurarius,
1139 1944 1179 1973 iv.
1197 1946 1266 1974 151.

744 1987 866 2018 Corona
901 1986 1041 2028 oleagina
1078 1985 1300 2028 Olympiorum

784 2029 960 2070 praemium,
973 2028 1035 2058 viii.
1049 2032 1099 2059 26.

744 2072 888 2102 Coronaei
903 2070 1127 2101 Thebanorum
1142 2070 1245 2108 vicini,
1270 2082 1300 2102 v.

745 2157 869 2186 Corsica
880 2154 930 2186 vel
946 2156 1079 2196 Cyrnus,
1091 2155 1109 2186 i.
1126 2158 1194 2185 165.

747 2200 915 2238 Corycium
932 2206 1067 2233 antrum,
1086 2197 1147 2228 viii.
1162 2201 1213 2227 36.

747 2240 918 2280 Corydalus
932 2240 1152 2280 Andeyrensis,
1169 2240 1218 2269 vii.
1229 2242 1299 2271 214.

745 2284 849 2323 Corys
869 2283 993 2312 Ambiae
1009 2282 1136 2320 flumen,
1158 2282 1205 2314 iu'.
1226 2304 1235 2314 .

747 2327 808 2357 Cos
824 2325 939 2363 civitas,
953 2325 972 2356 i.
990 2328 1057 2356 14—1.
