1553 2739
512 282 644 312 NOTAE
665 282 713 311 m
729 282 900 311 LIBRUM
921 282 984 311 1x.
1236 277 1314 314 175

174 396 274 429 eoque
288 385 451 428 promtius,
466 385 551 427 quod
566 392 602 417 Λε
592 386 667 425 ‘gem
677 385 822 417 ’Hosto-nu
832 385 977 416 collector
992 394 1102 416 vocem
1116 383 1190 415 hic·
1182 385 1317 416 mvenis-

175 440 208 460 se
222 429 375 461 videatur.
419 430 539 460 Eadem
549 439 636 459 mens
645 418 851 459 eruditissimo
867 431 897 458 de
912 430 1024 464 Panto,
1031 428 1072 458 sic
1087 428 1320 459 commentanti.

174 473 267 503 Locus
280 479 321 502 est
333 475 505 515 depravatus
528 479 554 501 et
573 474 737 501 sacerdotem
759 473 892 512 requirit,
901 473 948 512 qui
969 471 1050 501 thure
1062 478 1089 500 et
1103 472 1158 512 qff‘a
1166 472 1319 510 piationem

165 517 286 555 facian,-
308 528 360 556 quo
379 521 451 545 certe
464 515 548 556 officio
561 526 608 554 ego
622 516 812 555 nuncfungar
827 515 880 549 hic,
896 516 944 554 qui
954 515 1028 543 inter
1038 514 1126 543 Divae
1143 513 1256 543 Criticae
1269 526 1320 543 sa-

175 559 428 598 cerdotes-fortasse
440 558 526 586 locum
541 558 659 596 aliquem
675 559 777 586 mereri
785 563 907 597 possum.
949 556 1054 591 Scribe,
1074 563 1101 585 et
1115 555 1211 585 Scribe
1229 568 1319 585 emen-

176 601 286 629 datione
306 599 531 634 certissimasse'ueoe
553 599 603 636 μὲν
625 612 688 632 «τους
712 599 763 641 εἷοὲ
767 612 812 632 νας
834 599 949 636 ἔθαψαν
970 615 1014 621 —-
1035 605 1067 628 et
1080 599 1211 628 similiter
1222 600 1320 628 statim

174 648 249 683 post,
265 643 332 680 ἒνμὲ
336 657 347 673 ν
360 659 404 665 —-
418 655 482 672 εστιν
496 642 521 671 οἱ
536 641 586 684 εἷσέ
589 654 624 674 νε,
679 642 851 671 Plutarchus
865 642 1012 670 αιιᾶιεηᾶω
1027 647 1067 670 est
1080 643 1109 670 in
1124 642 1195 670 Vita
1206 642 1321 682 Lycur-

174 686 209 725 gi
224 685 269 724 (p.
282 687 332 715 50.
345 684 400 723 D.)
416 695 467 725 quo
481 696 556 713 nemo
577 685 672 713 melius
696 683 795 725 εἰοένιις
819 684 892 713 nobis
913 685 1060 724 depinxit:
1087 682 1149 724 Εἷξὲ
1153 695 1198 716 να,
1221 681 1248 713 δὲ
1263 696 1322 712 xz-

179 734 272 763 λσυο-ι,
285 739 347 761 τους
363 727 425 761 ’ἔτος
447 725 498 760 ηδη
513 725 558 756 δε’
530 739 589 756 ευτε
593 739 634 756 σου
655 727 687 756 ἐκ
710 715 817 756 «παίδων
840 739 873 765 γε
877 739 997 766 γονσ-ταις
1106 740 1113 746 ·
1136 724 1217 759 ozi-⁷03
1240 739 1286 756 our
1307 725 1323 756 ὅ

180 769 260 811 sigim
276 781 360 800 emam
374 769 426 802 ’ἐτη
442 781 477 808 γε
467 769 564 808 γονὼς
553 791 575 804 ,,
591 769 681 819 ἆρχεν
696 769 750 798 τῶν
766 768 1005 808 ὑποτεταγμένων
1021 769 1044 798 ἒν
1060 770 1124 801 ταῖς
1139 768 1269 807 μάχαις.
1277 785 1323 791 -

182 812 263 850 Quid
272 824 377 842 censes.
373 812 387 833 5
410 813 593 852 quidquamne
606 814 707 841 certius
721 818 771 840 aut
791 813 1022 841 acconmodatius.
1018 811 1033 832 Ρ
1057 810 1161 852 Εἷξένες
1180 818 1260 841 erant
1273 823 1322 840 or-

179 856 273 883 dinum
287 855 495 890 ductores‚bos
484 867 512 883 m
523 866 578 883 una
592 855 694 883 tumulo
708 855 883 883 tumularunt
897 866 952 883 una
967 865 1026 882 cum
1040 860 1159 894 quatuor
1173 854 1232 882 illis
1241 860 1322 894 prae·

179 898 358 926 stantissimis
373 897 523 926 Heroibus.
565 897 656 936 Ouae,
670 895 869 936 quantumvis
882 895 1028 936 pluscula,
1039 894 1155 936 placuit
1170 894 1323 925 describe-

180 949 226 974 re,
239 945 275 969 ut
289 937 483 968 confidentiae
505 946 535 968 et
551 938 692 968 dictionis
712 948 809 979 genus
830 938 889 968 viri
907 937 1038 978 juvems‚
1058 948 1131 968 nam
1152 937 1323 968 admodum

183 979 382 1010 adolescentis
396 988 477 1016 sunt,
490 980 521 1010 in
537 980 666 1011 obscuro
677 991 716 1010 ne
730 988 878 1011 maneret.
920 982 963 1010 W
968 989 1023 1010 Es
1012 997 1035 1011 s.

224 1024 291 1056 Τοὺς
314 1023 351 1052 ἱαὲ
355 1037 387 1056 ας
392 1023 404 1064 ]
426 1024 523 1053 Suum
544 1023 638 1053 etiam
662 1023 693 1052 in
715 1022 961 1064 expeditionibus
974 1021 1129 1053 habebant
1142 1023 1255 1062 μάντιν,
1269 1022 1324 1063 qui

181 1075 238 1106 per
253 1053 477 1106 exstispicinam
492 1066 635 1095 Deorum
649 1073 788 1095 mentem
805 1073 1011 1102 scrutaretur3
1034 1065 1088 1095 sed
1102 1076 1253 1106 nusquam
1268 1065 1325 1095 ali-

181 1108 225 1144 bi,
234 1118 356 1148 opinor,
368 1107 400 1137 in
415 1107 543 1137 historia
555 1110 666 1138 Graeca
677 1108 838 1148 Spartiatae
849 1116 1062 1138 memorantur
1077 1109 1126 1138 ἱοεε
1129 1122 1152 1144 ς,
1164 1110 1328 1145 sacerdotes,

183 1150 238 1191 qui
253 1150 307 1190 qui
317 1150 431 1191 praeliis
445 1149 650 1180 interfuerint.
692 1150 784 1180 Visus
804 1150 882 1180 mihi
901 1161 1022 1191 semper
1043 1158 1088 1180 est
1112 1152 1218 1180 Herod.
1232 1150 1324 1180 aliam

183 1192 233 1223 hic
249 1192 392 1233 primitus
406 1202 517 1223 vocem
531 1192 688 1233 posuisse:
713 1193 766 1223 sed
777 1203 920 1234 quaenam
935 1192 986 1223 illa
999 1192 1093 1223 fuerit
1103 1193 1181 1223 mihi
1196 1193 1324 1233 quidem

183 1239 254 1265 non‘
266 1234 372 1276 liquet.
416 1236 617 1265 Memoratur
637 1235 668 1265 in
694 1237 770 1265 Glos
792 1237 898 1265 Herod.
921 1235 1011 1278 Εἷανῐν.
1033 1235 1143 1276 quibus
1164 1235 1238 1266 alibi
1252 1246 1325 1266 nus-

185 1288 280 1318 quam
294 1277 379 1308 locus
399 1284 444 1307 est
458 1277 490 1307 in
513 1277 626 1313 Musis,
640 1277 690 1307 hic
714 1268 969 1308 Grammaticum
980 1277 1088 1319 legisse
1103 1278 1298 1319 suspicabar
1290 1289 1322 1308 ln

186 1330 242 1350 suo
257 1320 399 1351 Codice’
389 1335 396 1350 a
416 1320 475 1353 ἕνας
488 1327 519 1349 et
530 1319 622 1360 paulo
638 1328 706 1367 post
722 1322 758 1362 ἷξε
750 1320 808 1354 ’·νςε
839 1320 1059 1361 Conjecturam
1070 1330 1243 1351 memorare
1255 1321 1324 1361 dig-

186 1369 276 1393 natus
291 1370 336 1393 est
352 1334 509 1394 Ceieberr.
526 1364 668 1393 Wess.1n
689 1363 770 1393 Diss
792 1364 900 1393 Herod.
913 1373 944 1404 p.
958 1367 1028 1393 206.
1042 1370 1074 1393 et
1095 1363 1230 1393 removit
1244 1362 1325 1393 diffi-

186 1404 345 1441 cultatem,
358 1415 429 1446 quae
443 1404 559 1446 opponi
573 1412 685 1453 posset.
699 1406 855 1436 Neutrum
876 1405 1014 1441 fortasse,
1027 1415 1083 1435 nec
1106 1406 1142 1435 ἶοὲ
1146 1419 1192 1439 νας
1196 1416 1324 1446 ‚neque

185 1447 273 1500 ἱρέας,
286 1447 340 1477 sed
353 1447 505 1495 scripsisse
519 1447 621 1489 potius
635 1447 726 1478 alicui
740 1447 897 1478 videbitur
920 1449 1028 1478 Herod.
1042 1449 1105 1482 τοὺς
1116 1436 1192 1479 forari
1195 1462 1228 1482 α,-
1232 1456 1285 1484 ,et
1300 1449 1326 1478 οἱ

188 1489 274 1520 ἱτπὲ
265 1503 301 1523 .ς.
312 1489 385 1531 quia
398 1489 630 1532 distinguuntur
643 1501 660 1520 a
679 1490 788 1520 ceteris
809 1490 986 1531 Spartiatis;
1008 1498 1113 1521 nostro
1134 1499 1239 1521 autem
1259 1501 1326 1521 me-

187 1539 350 1562 morantur
361 1543 474 1569 V111,c.
486 1536 554 1562 124.
565 1534 715 1575 τριηκᾶσιοι
727 1534 931 1575 Σπαςριητέων
946 1532 1079 1573 λογάδες,

189 1574 252 1608 πίες
267 1575 424 1605 καλέονται
465 1577 653 1606 VALCKEN.

232 1618 309 1659 Pag.
329 1621 396 1647 122.
402 1619 423 1648 Ι.
440 1621 487 1648 16.
502 1618 608 1649 Νείλεω
619 1620 662 1658 τῷ
677 1616 792 1660 Κέδρου]
806 1619 856 1648 De
877 1617 1062 1659 migratione
1084 1618 1186 1648 Ionica
1208 1626 1239 1649 et
1254 1629 1328 1649 con-

189 1658 255 1690 dita
269 1659 398 1696 Mileto,
410 1660 557 1702 sociisque
572 1660 784 1702 expeditioni5‚
799 1660 882 1691 nulla
904 1668 1008 1691 tamen
1024 1660 1145 1692 Philisti
1160 1662 1329 1697 mentione,

188 1703 351 1733 Pausanias
365 1704 404 1733 L.
418 1714 480 1740 vn,
493 1706 523 1733 2.
539 1703 597 1733 ἃς.
611 1704 714 1734 Strabo
736 1705 774 1733 L.
794 1713 860 1733 xum
881 1715 910 1745 p.
926 1707 997 1735 939.
1016 1714 1161 1745 quorum,
1181 1704 1252 1734 huic
1265 1705 1328 1735 Co-

189 1743 240 1775 dri
254 1743 335 1775 filius
348 1746 470 1781 Νηλευς,
482 1745 526 1775 illi
541 1747 666 1783 Νειλευς,
679 1745 767 1776 sicuti
789 1747 909 1776 Nostro.
930 1747 990 1776 Ista
1012 1747 1158 1777 Strabonis
1180 1746 1327 1777 aliorum-

189 1797 251 1828 que
272 1786 425 1818 scribendi
439 1788 518 1818 ratio
535 1788 582 1819 Cl.
596 1790 749 1818 Perixonio
768 1788 857 1818 unice
869 1789 910 1819 ad
925 1791 1041 1819 AElian.
1056 1790 1133 1819 Var.
1145 1800 1220 1825 vm,
1236 1793 1265 1820 5.
1287 1789 1327 1819 ob

192 1830 340 1860 Marmor
354 1830 507 1861 Arundel.
519 1830 669 1871 probatur
683 1830 797 1872 absque
819 1842 920 1862 caussa
942 1839 1057 1869 tamen,
1070 1831 1245 1872 siquidem'
1238 1842 1269 1861 m
1284 1831 1328 1862 la-

192 1871 269 1903 ceris
289 1872 354 1913 ejus
374 1872 486 1903 tabulis
514 1879 582 1904 NE.
594 1878 832 1904 ..ΕΥΣΩΙΚΙΣ
846 1874 927 1904 unde
943 1875 1036 1905 Νειλε
1014 1888 1054 1908 «υς
1069 1875 1152 1915 ᾤκισε
1174 1873 1326 1905 formatur

190 1921 323 1945 tantum.
342 1915 413 1945 Hoc
426 1915 505 1952 leve,
517 1926 617 1956 neque
629 1915 667 1947 ab
679 1916 885 1946 eruditissimo
900 1917 945 1946 H.
962 1919 1076 1947 Valesio
1087 1917 1126 1947 ad
1141 1917 1285 1947 Ammian.
1299 1918 1328 1947 L

192 1967 312 1994 xxvul,
335 1968 357 1988 1.
382 1966 584 1989 contemtum.
606 1959 740 1989 Ionicam
763 1969 873 1988 vocem
895 1972 1024 1996 mura-vv,
1052 1969 1145 2000 quam
1167 1959 1259 1990 κτίσιν
1287 1959 1327 1989 ad

193 2001 312 2042 Dionys.
326 1999 473 2043 explicuit
488 2002 668 2039 Eustathius,
681 2001 799 2044 optime
811 2001 893 2033 docti
908 2001 967 2033 viri
981 2001 1183 2034 illustrarunt.
1212 2003 1327 2034 Wess.

1184 1533 1261 1576 ωἐπσ
1276 1534 1328 1565 if-
