1553 2739
249 285 331 322 174
564 292 695 322 ποτε
717 293 767 321 IN
788 293 967 323 LIBRUM
988 294 1049 324 IX.

247 392 314 424 tati.
328 395 471 424 Palmerio
486 395 641 436 Pavioque
653 395 898 433 observantibus,
911 402 1108 438 congrueret.
1137 395 1387 435 Pausanias,haee

247 436 430 467 Herodotea
450 436 639 477 apertissime
661 437 832 474 aemulatus,
855 438 975 468 nonihil
998 438 1118 479 inpedit
1138 437 1282 470 Laconic.
1297 441 1334 471 C.
1350 451 1388 471 11.

245 478 384 520 τέταρτον
399 478 424 508 δὲ
436 479 596 517 ἠγωνίσατο
613 481 776 510 Tisamenus
799 480 865 522 πρὸς
883 482 944 514 τοὺς
962 483 989 519 ἐξ
1001 479 1240 520 ἸσθμοῦἹθῶμην
1255 483 1386 515 ἀποστή-

245 533 354 555 σαντας
369 521 430 550 ἀπὸ
445 521 499 550 τῶν
522 522 653 552 εἱλώτων.
695 523 832 552 Isthmum
845 523 928 553 enim
940 523 1144 563 Ithomenque
1156 533 1244 562 paene
1259 524 1387 565 conjun-

245 563 304 603 git,
316 573 372 592 nec
387 562 449 592 sine
465 563 634 604 suspicione
649 564 765 605 reperti
775 565 805 594 in
823 566 962 596 Herodoto
973 566 1084 605 ’Ῑσέμοῦ
1100 566 1213 596 Isthmi.
1255 565 1303 596 Sic
1317 576 1384 596 ma-

245 605 322 635 culae
338 605 427 645 origo
442 607 618 635 Pausaniam
633 614 861 644 anteverteret;
887 618 1020 648 namque
1035 608 1182 637 mendam
1196 617 1270 644 esse,
1282 607 1386 639 nullus

242 646 364 678 dubito.
410 646 464 677 Illa
479 658 553 678 vero
568 651 719 679 Pausaniae
734 659 772 679 an
788 659 874 680 extra
887 649 963 680 labis
977 649 1100 691 culpam
1115 649 1126 680 ?
1149 652 1312 680 palmerius
1324 652 1386 681 Ex-

241 689 327 719 ercit.
348 689 387 719 ad
410 691 465 720 Gr.
486 693 581 721 Auct.
601 702 630 731 p.
652 695 702 720 41.
723 699 827 731 negat,
847 691 1043 722 scribendum
1064 692 1218 733 opinatus,
1239 694 1267 730 ἒξ
1286 692 1383 724 Αἰθέου

241 732 359 770 Ἰθώμην
372 750 425 768 —,
439 733 588 773 quoniam
602 734 681 763 iuter
695 733 888 771 rebellantes,
899 734 951 775 qui
964 734 1105 764 Ithomen
1119 742 1318 776 occuparunt,
1333 745 1383 776 ap.

244 774 418 804 Thucididem
431 776 546 812 Αἱθεεῗς,
556 775 631 813 sive,
644 775 689 806 uti
705 776 802 817 Steph.
815 778 892 818 Byz.
904 776 1010 807 citavit
1024 778 1155 810 Afeaak.
1189 778 1236 806 At
1252 775 1382 807 illorum

239 817 356 853 Αἷθαία,
371 817 662 859 AEthaea,oppidum‚
686 818 783 848 Ethni
804 818 960 860 cographo
975 826 1111 855 auctore,
1124 829 1186 848 non
1200 819 1304 853 Α’ἰθεος.
1319 821 1387 849 Pa-

239 861 317 896 vhu,
331 860 379 889 cui
394 862 554 890 Pausanias
568 860 677 890 itidem
692 860 769 890 vitio
789 860 943 897 notabilis,
955 860 1092 901 fingebat
1108 862 1174 902 πρὸς
1191 862 1252 894 τοὺς
1269 862 1294 895 ἒς
1307 862 1381 892 Ἰσθ-

238 903 295 941 μοῦ
314 901 430 940 Ἰθώμην
445 902 668 936 ἀποστήσαντες
692 904 746 933 τῶν
766 902 898 933 εἱλώτων.
940 905 1064 933 Ithomen
1087 904 1200 939 Isthmi,
1219 902 1333 944 quippe
1350 903 1383 934 in

240 944 454 985 Peloponneso
469 953 561 986 atque
574 945 654 975 intra
678 945 829 975 Isthmum
842 945 985 986 positam,
1005 945 1234 986 discretamque
1255 944 1310 975 tali
1324 956 1380 976 no-

237 987 355 1017 tatione
367 986 405 1016 ab
421 987 541 1017 Ithome
562 987 739 1018 Thessaliae.
782 989 866 1018 Bene
888 998 948 1029 ego
970 987 1099 1017 memini
1122 987 1265 1018 Ithomen
1287 998 1379 1018 mon-

237 1029 319 1060 tium
334 1031 407 1072 ὄςῶν,
421 1030 511 1060 ὁπόσα
527 1031 600 1064 ἐντός
615 1031 818 1069 ἔστιν’ῐσέμοῐῐ,
832 1029 909 1060 nulli
923 1029 1140 1071 magnitudine
1157 1029 1326 1060 concedere
1341 1041 1379 1062 ex

239 1073 410 1104 Meseniac.
425 1073 463 1102 C.
476 1078 504 1104 9.
517 1074 641 1102 Ithomen
656 1074 759 1102 Isthmi
781 1083 843 1102 non
864 1072 1053 1102 reminiscor.
1095 1072 1126 1102 Si
1142 1073 1294 1102 Pausania·
1317 1083 1374 1103 vo-

238 1125 287 1144 ces
303 1116 326 1149 ἒς
341 1116 507 1153 ’Ῑσέαοῦ,ες
522 1114 675 1155 corruptis
689 1114 878 1145 Herodoteis
898 1114 1025 1145 fortasse
1040 1114 1164 1149 additae,
1180 1113 1330 1151 abessent,
1343 1115 1377 1146 in

238 1159 333 1188 Pavii
347 1157 570 1187 correctionem
585 1157 686 1188 studio
707 1157 896 1187 inclinarem.
937 1156 1011 1187 Alia
1027 1156 1218 1186 doctissimus
1232 1158 1378 1188 Kuhnius.

238 1200 405 1239 Quomodo
420 1208 524 1230 autem
540 1210 659 1241 cunque
674 1199 712 1230 de
727 1201 875 1230 Pausania
898 1206 1060 1236 statuetur,
1073 1198 1123 1229 hic
1138 1199 1205 1240 πρὸς
1219 1202 1258 1242 τῇ
1271 1199 1375 1243 Ἰθώμῃ

237 1242 278 1272 ad
294 1243 419 1272 Ithomen
435 1250 623 1284 oportuerat.

280 1286 357 1327 Pag.
370 1287 451 1316 96.l.
473 1289 501 1315 2.
523 1285 664 1319 Δεκελέης
687 1284 865 1326 ἀπέχεσθαι]
887 1283 1010 1315 Referri
1031 1283 1108 1315 solet
1129 1283 1168 1314 ad
1190 1293 1306 1314 annum
1329 1286 1375 1315 O-

235 1323 333 1367 lymp.
347 1338 408 1364 xc1,
423 1332 452 1363 3,
468 1338 531 1368 quo
544 1327 626 1368 Agis
640 1327 824 1357 Archidami
837 1329 868 1357 F.
881 1327 1041 1357 Deceliam
1053 1326 1215 1368 occupavit
1227 1334 1257 1356 et
1270 1327 1300 1356 in
1310 1337 1376 1356 ma-

235 1368 354 1400 ximum
375 1369 613 1400 Atheniensium
634 1369 855 1400 detrimentum
878 1369 990 1400 muniit
1012 1380 1059 1410 ap.
1083 1370 1236 1410 ThucydId.
1251 1373 1380 1405 v11‚]9.

234 1421 297 1442 non
312 1412 376 1442 sine
387 1413 521 1453 quadam
535 1412 739 1453 inprudentia.
780 1411 879 1443 Aliud
892 1411 1032 1453 profecto
1050 1411 1219 1451 ἀπέχεσθαι
1234 1412 1374 1446 Δεκελέης

234 1455 270 1484 ab
284 1468 315 1484 ea
330 1456 476 1491 abstinere,
488 1454 571 1485 aliud
585 1463 766 1496 occupatam
781 1454 982 1485 munimentis
996 1461 1028 1485 et
1049 1453 1190 1495 praesidio
1210 1453 1372 1490 instruere,

233 1496 378 1539 belloque
400 1497 505 1527 sedem
526 1497 639 1538 legere.
695 1497 868 1538 Contigisse
889 1507 938 1527 res
959 1496 1095 1533 videtur,
1115 1507 1186 1537 quae
1208 1503 1239 1526 et
1263 1496 1373 1537 Ampl-

235 1540 372 1571 Boaherii
394 1540 510 1581 opini0,
530 1539 604 1570 belli
627 1539 887 1580 Peloponnesiaci,
907 1539 1030 1580 quando
1052 1538 1261 1569 Archidamus
1285 1538 1374 1569 Atti-

234 1593 304 1613 cam
331 1581 553 1614 incursionibus
578 1582 721 1613 infestam
749 1581 868 1619 habuit,
892 1581 1045 1624 principio
1076 1582 1225 1622 Thucydid.
1253 1590 1291 1616 11,
1325 1584 1374 1612 lo.

234 1625 347 1656 Wnss.

276 1669 351 1710 Pag.
365 1672 415 1700 97.
428 1671 448 1699 l.
462 1673 490 1700 9.
498 1668 584 1708 “Apaoe
600 1668 733 1711 Λεάγρῳ]
749 1667 842 1698 Filius
859 1669 980 1698 Glaucen
996 1668 1124 1709 Λεάγρου
1137 1672 1228 1696 notus
1241 1676 1277 1696 ex
1293 1666 1370 1696 Thu-

232 1713 334 1751 cydidis
355 1712 395 1741 L.
417 1722 441 1747 1,
462 1714 512 1742 51.
533 1719 621 1752 pater
635 1711 729 1741 etiam
750 1721 788 1741 ex
804 1712 952 1740 Pausania
968 1721 991 1746 1,
1005 1714 1054 1740 ¹29.
1071 1709 1148 1739 hanc
1163 1709 1228 1749 ejus
1242 1716 1272 1738 et
1288 1710 1366 1749 Sop-

232 1752 320 1783 hanis
336 1753 459 1783 cladum
474 1764 535 1784 non
550 1754 707 1784 reticente.
750 1752 870 1783 Interiit
885 1752 1040 1793 Sophanes
1055 1751 1182 1792 Olymp.
1199 1761 1304 1780 Lxxx1.
1318 1761 1371 1781 ex-

232 1802 337 1832 eunte,
350 1796 512 1827 Archonte
527 1796 662 1826 Athenis
675 1795 846 1836 Lysicrate‚
860 1795 983 1836 quando
998 1794 1093 1824 altera
1114 1794 1181 1824 vice
1197 1792 1371 1823 Athenien-

232 1848 279 1868 ses
294 1837 417 1869 colonos
431 1846 616 1880 occupatum
631 1838 762 1868 Eionem
772 1837 975 1868 infelicissime
987 1836 1197 1867 amandarum..
1212 1836 1284 1866 Huc
1301 1846 1372 1865 ver-

232 1879 273 1910 ba
287 1880 464 1912 Scholiastae
479 1881 511 1912 in
526 1882 674 1911 AEschinis
690 1882 745 1911 Or.
758 1881 821 1922 περὶ
838 1886 978 1922 Παρατρ.
992 1877 1144 1919 adplicant
1157 1880 1324 1908 Dodwellus
1340 1886 1372 1909 et

235 1924 378 1959 Corsimts,
392 1924 462 1954 Viri
479 1923 527 1955 Cl.
541 1923 673 1966 Assi‘tegbu
688 1924 713 1954 οἱ
732 1926 812 1963 μετὰ
827 1923 970 1964 Λεωγόροιι
986 1922 1148 1963 Κληξοῦχοι
1165 1922 1211 1951 ἐπὶ
1229 1921 1372 1962 Λνπικξοί-

233 1979 310 2001 τους,
330 1966 361 1996 in
383 1968 529 2007 Leogora
551 1968 696 2008 Leagrum
718 1965 918 2000 invenientes,
941 1964 1024 1994 haud
1045 1963 1100 2000 illi,
1119 1963 1175 1993 nisi
1190 1964 1214 1993 si
1229 1965 1370 2005 Leogoras

232 2008 404 2039 Andocidis
416 2016 505 2050 pater
519 2008 624 2044 fuerit,
638 2008 771 2039 absurdi.
810 2009 923 2038 Wass.

275 2052 351 2092 Pag.
375 2055 442 2081 104.
464 2054 483 2081 l.
505 2055 533 2081 2.
549 2053 622 2081 “Aes
645 2052 725 2081 ἐὸντα
747 2051 867 2090 χαλκὸν
888 2049 976 2092 δῆθεν]
999 2048 1094 2090 Quasi
1116 2058 1190 2078 vero
1216 2058 1257 2078 aes
1281 2046 1374 2078 foret.

230 2093 315 2124 Rudi
330 2093 525 2135 simplicitate
540 2093 737 2129 Helotarum‚
747 2102 857 2122 aurum
869 2100 961 2133 atque
973 2103 1014 2122 aes
1022 2091 1074 2121 vix
1088 2089 1371 2127 internoscentium,
1421 2104 1423 2107 v

230 2136 316 2167 abusi
330 2136 490 2177 AEginetae
505 2143 584 2166 sunt.
626 2135 710 2175 Quid
725 2135 807 2165 victo
819 2134 857 2164 ad
874 2133 1081 2164 Gransonium
1101 2132 1214 2164 Carolo
1228 2132 1370 2168 Audace,

232 2179 421 2219 Burgundiae
437 2178 525 2215 duce,
545 2178 624 2208 vasis
637 2178 703 2219 ejus
724 2176 887 2218 argenteis,
901 2184 1043 2207 stannum
1058 2174 1208 2210 arbitrati,
1229 2173 1370 2210 fecerint,

231 2232 355 2262 quoque
376 2221 470 2251 modo
492 2231 641 2262 gemmas,
662 2219 762 2250 multo
784 2219 950 2249 rarisismas
971 2227 1001 2249 et
1023 2217 1115 2259 pretii
1136 2216 1279 2257 ingentis,
1300 2223 1369 2246 tan-

230 2274 323 2305 quam
339 2264 485 2294 vilissima
499 2270 598 2294 scruta
613 2262 781 2304 abjecerint
802 2261 952 2297 Helvetii,
966 2261 1078 2291 durum
1101 2258 1138 2289 ab
1154 2259 1248 2300 stirpe
1263 2269 1371 2300 genus,

229 2306 454 2346 elegantissime
470 2307 526 2336 Ph.
541 2307 682 2336 Comineus
698 2306 836 2336 Memor.
850 2306 889 2335 L.
903 2315 934 2340 v,
948 2307 976 2333 2.
991 2302 1139 2344 exposuit.
1170 2303 1282 2331 VVEss.

273 2350 349 2390 Peg.
363 2353 429 2379 108.
443 2351 463 2378 l.
480 2352 526 2378 ll.
539 2350 626 2379 ’Ἔνθα
640 2349 689 2387 μὲν
705 2347 767 2381 τοὺς
783 2347 856 2390 ἱρέας
872 2346 1001 2387 ἔθαψαν]
1012 2345 1184 2385 Aequiesco
1199 2344 1230 2374 in
1244 2342 1369 2384 elegan-

229 2391 406 2433 gantissima
422 2391 471 2424 Cl.
488 2393 679 2431 Valckenarii,
693 2390 779 2433 ἰρένας
795 2389 858 2423 sive
875 2389 972 2432 εἶςένας
984 2386 1374 2430 corrigenti5‚conjectura‚
