1553 2739
277 350 321 377 44

277 429 456 478 Eurypylus
477 429 573 460 frater
596 428 748 460 Thoracis
769 431 831 460 La-

319 474 412 510 rissae,
426 484 465 503 lx.
479 475 529 503 58.

277 516 496 557 Eurysthenes,
525 512 717 544 Aristodemi
742 513 833 551 filius,

321 559 374 589 vii.
388 562 458 588 204.

276 599 478 648 Eurysthenis
499 598 615 629 familia
641 598 834 636 honoratior,

319 647 425 674 v1.51·

275 688 361 727 Eury
354 685 485 716 sthenes
508 691 540 715 et
564 683 688 716 Procles
707 683 834 725 gemini,

319 731 438 770 Spartae
453 738 552 769 reges,
573 727 613 757 iv.
631 729 700 757 147.
725 726 766 756 vi.
780 730 830 757 52

316 770 478 801 oraculum
489 780 580 810 super
594 769 636 799 eis
648 769 821 799 consultum

315 813 390 844 ibid.
414 823 523 843 eorum
538 811 684 842 dissensio
697 822 753 852 per
765 822 832 841 om-

317 867 390 886 nem
405 856 513 890 vitam,
534 854 608 885 ibid.
641 854 721 884 circa
735 865 786 884 eos
800 862 830 884 et

316 898 456 929 Theram
465 897 653 928 avunculum
664 907 721 938 pro
733 907 830 938 regno

317 949 396 977 acta,
416 941 457 971 iv.
474 944 543 971 147.

275 983 476 1024 Eurystheus,
499 983 539 1013 ix.
564 986 614 1017 26,
641 985 690 1012 ‘27-
733 992 830 1023 genus

317 1027 382 1067 ejus
396 1025 504 1056 nolunt
519 1024 656 1055 labefieri
681 1024 828 1054 Lacedae-

318 1068 427 1104 monii,
440 1079 471 1099 v.
484 1072 535 1098 40.

276 1112 413 1151 Eurytus
436 1118 466 1141 et
482 1109 701 1140 Aristodemus
721 1108 762 1139 ob
777 1120 828 1139 ex—

317 1161 449 1184 tremam
464 1152 682 1194 lippitudinem
697 1162 715 1181 e
725 1151 830 1182 castris

317 1207 334 1225 a
360 1195 498 1226 Leonide
530 1194 744 1229 remittimur,
777 1194 828 1224 vii.

317 1242 388 1269 229.
420 1237 532 1278 Euryti
546 1237 644 1267 virtus
668 1243 699 1266 et
722 1236 828 1267 interi-

316 1289 376 1317 tus,
390 1280 462 1310 ibid.

274 1323 438 1363 Euthynus
457 1321 643 1362 Hermolyci
668 1329 768 1363 pater,
789 1321 829 1352 ix.

320 1370 388 1396 105.

273 1407 463 1449 Eutychides
487 1407 635 1449 Sophanis
661 1414 759 1449 pater,
790 1406 829 1438 ix.

315 1455 366 1482 73.

274 1494 533 1528 Euxinummare,
550 1492 613 1528 i.6‚
628 1494 678 1522 72-

273 1536 385 1567 Euxini
400 1535 488 1576 ponti
511 1535 660 1570 nationes,
681 1533 721 1564 iv.
735 1537 787 1564 47.

273 1581 458 1620 Exampaeus
474 1577 556 1607 locus
572 1577 652 1606 inter
661 1577 829 1616 Borysthe-

316 1631 388 1651 nem
403 1629 434 1651 et
450 1619 612 1661 Hypanin,
625 1619 664 1649 iv.
679 1622 728 1649 52.
743 1623 828 1649 et81.

275 1663 396 1694 Exercit
398 1675 418 1693 u
452 1662 559 1693 donari
585 1662 667 1702 apud
712 1663 828 1698 Persas,

316 1706 475 1741 eximium,
496 1705 534 1734 ix.
552 1708 620 1735 109.

272 1748 382 1779 Exitus
396 1758 501 1777 rerum
515 1745 729 1788 inspiciendus,
743 1745 763 1775 i.
778 1749 830 1776 32.

316 1800 388 1821 cum
397 1798 465 1820 1mt
468 1801 485 1819 o
500 1799 562 1819 non
577 1797 622 1818 est
637 1787 830 1824 manifestus,

314 1832 367 1863 vii.
380 1836 430 1863 51.

274 1874 468 1923 Experiendo
482 1874 562 1905 fiunt
578 1873 692 1908 omnia,
713 1871 763 1902 vii.
779 1878 807 1904 9.

272 1920 340 1957 Exp
342 1916 424 1947 iandi
438 1916 548 1948 modus
562 1917 644 1946 idem
667 1915 731 1945 fere
746 1914 828 1957 apud

314 1960 425 2008 Lydos
436 1959 489 2000 qui
504 1959 587 2001 apud
600 1961 734 1992 Graecos,
752 1969 769 1987 1.
779 1962 828 1988 85.

313 2002 416 2043 expiat
406 2013 448 2032 10
486 2001 614 2032 Adrasti
650 2000 827 2048 {fatricidae,

313 2044 387 2075 ibid
413 2044 547 2087 expiatio
561 2042 646 2081 Deli,
659 2043 678 2073 i.
693 2046 743 2074 64.

535 2173 567 2201 F.

271 2258 386 2288 1211315
410 2267 465 2286 nec
490 2263 594 2290 cerunt
608 2254 754 2297 AEgyptii
769 2264 823 2284 nec

313 2300 421 2335 edunt,
443 2299 471 2328 ii.
488 2302 537 2328 :³11

271 2342 360 2374 felte
387 2341 416 2373 in
444 2339 662 2378 sortitionibus,
690 2339 730 2371 vi.
755 2343 823 2371 109.

721 346 957 377 INDEX.

911 429 951 460 ad
963 432 1055 460 Fame
1065 430 1262 460 mal-cendam
1272 430 1348 472 quid
1356 432 1431 471 Lym

912 472 944 503 di
959 472 1212 513 excogitaverint,
1229 473 1248 503 i.
1263 477 1312 504 94.
1327 473 1427 503 fames

912 514 1056 545 immanis
1081 515 1112 544 in
1127 515 1231 545 castris
1253 515 1425 556 cambysis.

912 557 943 587 ii.
957 560 1006 588 25.
1037 557 1133 587 fames
1157 557 1188 587 in
1205 557 1318 588 Xerxis
1338 568 1425 588 exer-

912 600 986 636 citu,
1013 599 1045 629 in
1068 599 1181 635 reditu,
1206 599 1269 630 viii.
1285 603 1344 630 115
1377 599 1424 629 fa-

911 652 978 672 mes
991 641 1183 672 obsessorum
1199 641 1286 678 Sesti,
1299 641 1338 672 ix.
1353 645 1423 672 118.

913 683 1028 714 familia
1034 684 1216 725 quadrigam
1229 683 1320 720 alens,
1331 683 1435 715 xri-35-

871 729 988 757 Fanum
1013 727 1029 757 J
1033 727 1099 756 ovis
1123 726 1276 762 Thebani,
1309 726 1331 756 i.
1358 729 1428 756 182.

914 769 999 799 Jovis
1023 769 1100 804 Beli,
1123 769 1143 798 i.
1161 772 1229 798 181.
1261 767 1424 800 Jovisvsub

911 811 984 853 fago
1000 811 1169 846 conditum,
1184 811 1215 842 ii.
1227 814 1278 842 56.
1307 810 1425 846 Protei,

910 853 942 883 ii.
971 857 1040 884 112.
1076 853 1206 884 Veneris
1221 853 1346 884 Vraniae
1369 863 1432 883 ve·

912 896 1127 932 tustissimum,
1158 896 1178 926 i.
1206 899 1276 927 105.
1324 895 1428 937 Apol-

910 938 988 975 linis,
1039 939 1102 969 viii.
1141 941 1211 970 135.
1258 937 1433 969 Pallenidis

910 981 1080 1018 Minervae,
1102 981 1120 1010 i.
1135 985 1185 1012 62.
1208 981 1310 1016 AEad,
1331 992 1360 1011 v.
1374 983 1426 1010 89.

911 1023 1048 1063 Phylaci,
1086 1023 1150 1053 viii·
1177 1028 1227 1054 39.
1271 1023 1425 1059 Antenoi,

910 1065 986 1096 ibid.
1017 1065 1224 1097 Androcratis
1248 1065 1363 1102 herois,
1383 1065 1425 1095 ix.

910 1111 959 1139 25.
972 1108 1079 1138 fanum
1092 1110 1240 1139 Graecum
1251 1107 1423 1138 maximum

909 1158 941 1180 et
957 1150 1199 1181 celeberrimum
1223 1151 1256 1180 in
1270 1152 1430 1192 AEgypto,

908 1192 938 1222 ii.
961 1197 1030 1224 178.

868 1237 944 1266 Fato
959 1243 1073 1266 sortem
1085 1235 1267 1266 destinatam
1279 1234 1338 1265 deo
1347 1245 1427 1276 quo·

910 1289 969 1318 que
984 1278 1093 1319 fugere
1111 1277 1310 1318 impossibile,
1332 1278 1351 1307 i.
1373 1280 1427 1308 91.

909 1320 965 1351 fati
974 1320 1143 1356 necessitas,
1159 1321 1178 1350 i.
1192 1324 1243 1351 91.
1257 1320 1298 1350 iii.
1309 1324 1361 1357 43,
1371 1323 1425 1350 68.

910 1373 941 1393 v-
958 1367 1007 1394 92.

869 1407 930 1435 Fax
945 1405 1088 1441 Vulcani,
1109 1404 1171 1435 viii.
1188 1408 1238 1436 98.

869 1447 946 1478 Felis
960 1447 1166 1478 amantissima
1176 1446 1361 1483 foetuum‚ii.
1372 1450 1424 1477 66.

909 1490 1137 1532 AEgyptiorum
1147 1491 1227 1520 circa
1240 1490 1298 1519 hoc
1310 1489 1424 1519 animal

910 1533 1097 1580 superstitio,
1125 1532 1201 1562 ibid.
1235 1531 1345 1562 felium
1380 1542 1425 1561 se-

910 1575 1056 1616 p‚ulturae
1072 1586 1103 1604 11.
1117 1578 1168 1606 67-

868 1618 1008 1648 Felicitas
1032 1599 1168 1648 h’umana
1193 1617 1225 1646 in
1239 1616 1348 1646 eodem
1375 1623 1422 1646 te·

909 1670 984 1690 nore
1009 1670 1071 1689 non
1094 1667 1219 1700 perstat,
1243 1659 1263 1689 i.
1277 1663 1306 1690 5.
1327 1657 1425 1688 felici-

910 1709 955 1732 tas
967 1702 1138 1743 Polycratis
1150 1701 1301 1737 insidiosa,
1315 1701 1357 1730 iii.
1368 1704 1422 1736 40,

909 1752 959 1774 etc·

867 1789 996 1818 Ferrum
1011 1786 1050 1817 ad
1063 1785 1230 1828 perniciem
1244 1785 1420 1822 hominum,

909 1829 929 1860 i.
942 1833 992 1860 68.

867 1872 951 1903 Ferri
977 1872 1221 1919 compactionem
1245 1869 1326 1901 solus
1352 1880 1426 1900 om-

907 1915 995 1945 nium
1041 1913 1227 1955 excogitavit
1286 1912 1423 1943 Glaucus

911 1956 1018 1993 Chim,
1032 1957 1083 1987 Lo
1065 1960 1104 1987 ..25
1107 1977 1114 1985 .

867 2001 954 2030 Festa
981 1999 1020 2029 ad
1046 1998 1251 2029 imitationem
1274 1997 1424 2032 instituta,

909 2041 950 2072 iii.
965 2046 1014 2071 48.

867 2085 947 2114 Festi
960 2083 1135 2119 celebratio,
1148 2083 1167 2114 i.
1184 2086 1253 2114 191.

866 2127 1031 2157 Festinatio
1046 2126 1128 2168 parit
1149 2135 1278 2161 errores,
1303 2123 1356 2155 vii.
1372 2127 1421 2155 10.

867 2213 989 2242 Festum
1006 2210 1244 2251 Cyzicenorum,
1260 2207 1353 2239 matri
1368 2207 1421 2238 de-

908 2264 1012 2290 orum,
1038 2254 1079 2284 iv.
1103 2256 1152 2284 76.
1181 2252 1295 2282 festum
1317 2251 1429 2292 AEgy-

909 2296 1048 2336 ptiorum
1074 2295 1259 2336 abrogatum
1288 2304 1305 2323 a
1328 2294 1422 2324 Cam-

906 2338 981 2380 bycs
967 2361 992 2377 ,
1018 2339 1060 2370 111.
1086 2342 1136 2370 29.
1167 2336 1245 2368 festa
1270 2334 1428 2378 AEgffti'-
