1553 2739
613 308 848 340 INDEX.

198 400 297 425 castra
331 392 384 424 ubi
418 391 560 429 locar'mt,
593 392 711 424 ix.19.

196 445 290 477 quem
322 434 425 467 locum
450 442 640 483 permutant,
670 434 708 465 ix.

196 481 248 513 51,
289 480 340 509 52.
424 477 527 509 Graeci
569 477 708 525 praedam

197 520 361 550 Mardonii
385 520 466 551 inter
481 531 510 550 se
527 519 571 550 dis
559 519 710 561 spartiun-

195 569 258 598 tur,
281 562 320 593 ix.
336 566 387 593 81.
421 562 524 593 Graeci
539 562 591 603 qui
613 572 711 592 naves

197 604 236 634 ad
251 603 377 635 classem
392 607 576 636 Graecorum
602 614 711 645 suppe-

198 646 345 683 ffltmnt,
380 647 442 677 viii.
464 651 516 683 48,
537 650 587 683 44,
610 654 636 677 et
657 659 711 687 seq.

200 691 384 719 Graecorum
409 689 553 730 proelium
579 689 618 719 ad
649 691 710 719 Eu-

197 730 299 761 boeam
329 739 464 772 gestum,
496 731 558 761 viii.
589 735 709 767 11,12-

199 775 384 813 Graecorum
408 773 506 804 classis
520 774 558 803 ad
584 773 710 804 Salami-

197 826 270 846 nem
285 823 401 858 perstat
411 815 650 847 Atheniensium
662 826 711 845 ro-

198 865 286 899 gatu,
307 858 370 889 viii.
382 862 432 889 40.
467 859 570 889 Graeci
585 858 710 888 classem

199 900 238 930 ad
265 902 392 931 Samum
419 901 584 941 applicant,
609 901 649 930 ix.
664 904 712 931 96.

200 943 304 975 Graeci
329 942 437 984 fugam
452 942 552 973 facere
574 942 713 973 volentes

200 992 235 1016 ut
249 996 267 1015 a
280 985 491 1016 Themistocle
506 986 627 1020 retenti,
651 985 713 1015 viii.

199 1031 229 1058 4.
250 1027 355 1058 Graeci
369 1027 517 1068 Olympia
532 1036 656 1069 agentes
681 1036 711 1058 et

200 1069 259 1100 alia
273 1070 439 1100 certamina
453 1071 483 1100 in
499 1070 602 1100 medio
622 1069 713 1107 bello,

194 1112 262 1142 viii.
278 1116 327 1143 26.

160 1154 402 1195 Graecoscythae,
417 1155 457 1185 iv.
475 1158 522 1185 17.

160 1197 340 1228 Gratiarum
354 1197 449 1230 collis.
462 1197 502 1227 iv.
520 1200 587 1227 175.

148 1240 410 1273 ·Grinus,AEsanii
426 1238 516 1276 filius,
535 1239 650 1270 Therae
667 1240 713 1270 in-

202 1281 274 1312 sulae
291 1292 355 1317 rex,
369 1282 410 1311 iv.
427 1285 494 1312 150.

161 1326 287 1365 Grynea
302 1323 383 1360 urbs,
400 1324 418 1354 i.
436 1328 504 1355 149.

154 1369 271 1402 Grues,
284 1366 384 1407 plagae
401 1366 551 1407 Scythicae
568 1366 713 1415 hyemem

200 1408 365 1450 fugientes,
379 1420 440 1451 quo
456 1419 486 1439 se
502 1409 672 1446 conferant,
685 1410 715 1439 ii.

202 1455 252 1481 22.

161 1495 285 1535 Grypes
294 1503 404 1524 aurum
417 1501 582 1530 servantes,
592 1493 633 1523 iii.
648 1497 715 1524 116.

202 1536 245 1566 iv.
263 1539 308 1566 13.

151 1577 308 1619 ¹Gygadas
322 1577 453 1619 Delphis
473 1576 573 1618 dictus
591 1577 712 1608 thesau-

201 1631 263 1656 rus,
279 1620 317 1650 ab
335 1622 426 1662 Gyge
439 1620 580 1655 donatus,
598 1620 618 1650 i.
634 1624 679 1650 14.

163 1665 284 1704 Gygaea
298 1662 395 1703 palus,
418 1662 556 1703 proxima
578 1663 716 1704 Alyattis

204 1704 356 1747 sepulcro,
368 1705 389 1736 i.
407 1709 456 1737 93.

163 1749 295 1789 Gygaea,
318 1749 469 1788 Amyntae
496 1746 569 1783 filia,
606 1757 638 1777 v.
663 1750 716 1778 21.

202 1790 266 1820 vui.
283 1793 351 1821 186.
384 1789 500 1820 Bubari
525 1771 673 1820 collocata
699 1800 716 1819 a

203 1832 300 1862 fratre
321 1831 512 1868 Alexandro,
536 1843 565 1863 v.
578 1835 628 1862 21.
652 1831 716 1862 viii.

162 1919 278 1958 Gyges,
294 1916 420 1957 Dascyli
433 1915 523 1952 filius,
546 1917 565 1948 i.
580 1920 608 1947 8.
635 1918 716 1948 Can-

204 1959 304 1990 daulis
318 1959 447 1996 satelles,
462 1959 480 1989 i.
494 1963 523 1989 8.
547 1959 596 1990 vel
613 1961 714 1990 Hera-

204 2001 367 2038 didm-um,
402 2002 421 2032 i.
448 2006 498 2033 91.
541 2002 606 2043 ejus
635 2002 715 2032 circa

203 2054 333 2075 uxorem
358 2044 524 2075 Candaulis
548 2053 626 2081 acta,
650 2045 669 2075 i.
683 2048 712 2081 8,

203 2090 233 2123 9,
254 2094 302 2116 etc.
324 2086 516 2118 Candaulem
539 2086 713 2123 obtruncat,

202 2129 221 2159 i.
240 2132 288 2165 12,
302 2132 352 2160 91.
373 2139 468 2159 uxore
494 2129 660 2160 Candaulis
684 2138 715 2160 et

204 2181 304 2212 regno
319 2171 448 2212 potitur,
470 2171 488 2201 i.
506 2175 554 2208 13,
575 2176 625 2203 91.
659 2173 714 2202 do-

205 2224 291 2243 naria
306 2213 446 2254 Delphos
468 2213 506 2244 ab
521 2225 558 2244 eo
573 2215 674 2251 missa,
697 2215 715 2245 i.

209 2259 255 2286 14.
277 2263 307 2285 et
323 2266 441 2297 primus
462 2255 665 2288 barbarorum
691 2258 716 2288 is

202 2308 332 2328 munera
347 2298 428 2339 apud
450 2298 590 2340 Delphos
604 2311 658 2341 pos
646 2300 717 2337 suit,

205 2339 276 2370 ibid.
299 2340 415 2371 Mileto
429 2348 460 2372 et
476 2343 549 2383 Smy
553 2352 615 2373 rnae
630 2353 717 2373 arma

668 2384 687 2416 d

1267 307 1308 340 49

785 390 891 426 infert.
914 390 1131 432 Colophonem
1158 391 1189 421 vi
1216 391 1308 432 capit,

787 433 861 464 ibid.
875 442 950 473 quot
962 444 1057 463 annos
1070 433 1219 475 regnarit,
1234 434 1307 465 ibid.

789 477 853 516 ejus
868 475 949 506 filius
966 476 1117 516 Ardys‚i.
1134 480 1179 506 15.

752 521 859 559 Gyges
872 526 960 559 pater
978 518 1093 558 NIyrsi,
1107 518 1147 548 iii.
1166 522 1202 549 12
1205 522 1234 548 9.

750 561 943 601 Gymnicum
959 569 1129 596 certarnen,
1143 561 1173 591 ii.
1188 565 1240 592 91.

752 602 995 644 Gymnopaediae
1052 603 1306 636 Lacedaemonio-2

792 656 872 682 rum,
890 646 931 676 vi.
945 650 997 677 67.

751 687 878 729 Gyndes
888 688 974 719 unde
990 688 1118 725 oriatur,
1131 696 1163 719 et
1179 699 1240 730 quo
1255 700 1304 719 us-

791 741 852 778 que
867 730 955 767 fluat,
969 731 988 762 i.
1006 734 1076 766 189,
1089 741 1120 761 v.
1131 735 1181 768 59,
1209 733 1306 772 aCy-

791 784 826 802 ro
843 772 873 803 in
898 784 971 804 ccc.
984 784 1019 803 ac
1042 774 1200 815 sexaginta
1222 774 1306 805 rivos

792 814 946 852 diductus,
959 816 979 845 i.
997 819 1068 851 202,
1084 827 1114 846 v.
1128 819 1178 847 52.

751 859 919 898 Gyzantes,
946 858 1031 894 Afri,
1052 858 1092 889 iv.
1110 862 1177 889 194.
1204 858 1305 890 simia-

792 910 863 930 rum
879 908 1076 939 comestores,
1091 900 1164 932 ibid.

1010 1029 1053 1059 H.

752 1112 909 1143 Hiems
926 1123 1015 1144 mons
1030 1113 1177 1154 Scythiae,
1190 1116 1275 1157 cujus
1287 1127 1304 1146 e

789 1155 872 1196 jugis
897 1163 959 1186 tres
984 1156 1072 1187 fluvii
1097 1165 1236 1195 manant,
1265 1159 1305 1189 iv.

751 1239 937 1270 Haliacmon
953 1241 1060 1276 amnis,
1084 1241 1135 1271 vii.
1153 1245 1221 1273 127.

753 1281 983 1313 Halicarnassus
997 1283 1113 1319 civitas,
1128 1284 1155 1314 ii.
1169 1289 1236 1315 178.
1252 1296 1307 1315 cm

792 1325 914 1365 privata
949 1336 1105 1356 sacrorum
1142 1328 1288 1368 particip
1293 1345 1308 1353 -

793 1367 887 1402 tione,
904 1367 922 1397 i.
940 1371 1007 1397 144.
1030 1368 1306 1401 Pedasensibusvi·

793 1409 871 1445 cina,
886 1409 948 1440 viii.
966 1414 1036 1447 104,

752 1451 852 1492 Halys
874 1453 982 1489 amnis,
1004 1453 1023 1483 i.
1038 1456 1066 1484 5.
1088 1453 1140 1483 vii.
1155 1458 1204 1485 26.
1236 1464 1306 1496 post

795 1494 979 1542 Phrygiam,
1000 1506 1029 1525 v.
1044 1498 1094 1543 59.
1117 1507 1193 1537 quos
1207 1508 1307 1538 popu-

793 1535 839 1567 los
853 1536 1022 1574 interfluat,
1042 1537 1060 1568 i.
1074 1541 1124 1569 72.
1148 1539 1213 1579 ejus
1227 1540 1306 1570 flux-

793 1589 848 1609 um
863 1580 1021 1635 quomodo
1031 1582 1179 1612 averterit
1191 1582 1307 1613 Thales

795 1620 949 1658 Milesius,
971 1623 989 1652 i.
1004 1626 1054 1654 75.
1084 1623 1165 1653 intra
1187 1624 1307 1665 Halym

793 1663 926 1695 fluvium
940 1665 1047 1707 populi
1073 1676 1090 1696 a
1106 1667 1214 1698 Croeso
1236 1667 1307 1698 sub

793 1706 864 1743 acti,
878 1707 896 1736 i.
911 1711 960 1737 98.

752 1749 966 1787 Hamilcar,v.
978 1749 1128 1782 Amilcar.

752 1792 888 1822 Hannon
922 1792 1090 1824 Amilcaris
1122 1802 1220 1836 pater,
1257 1796 1308 1827 vii.

797 1837 863 1865 165.

753 1877 1004 1908 Harmamithres
1024 1886 1055 1909 et
1063 1879 1208 1910 Tithaeus
1225 1882 1308 1911 Xer-

795 1919 840 1949 xis
855 1920 1011 1960 equitatus
1025 1921 1174 1961 praefecti,
1191 1923 1242 1952 vii.
1257 1927 1307 1953 88.

752 1962 952 1993 Harmatides
974 1963 1177 2004 Dithyrambi
1209 1973 1309 2006 pater,

794 2004 846 2034 vii.
861 2007 932 2035 997.

753 2046 981 2087 Harmocydes,
1000 2047 1209 2081 phocensium
1234 2049 1309 2088 dux,

793 2089 832 2119 ix.
851 2093 897 2120 17.

758 2132 950 2162 Harmodius
965 2141 996 2163 et
1011 2133 1209 2175 Aristogiton
1226 2135 1308 2175 Hip-

796 2175 902 2214 parchi
939 2175 1161 2213 interfectores,
1206 2189 1236 2208 ν.
1258 2181 1309 2208 55.

794 2216 973 2248 liberatores
1017 2219 1226 2256 Athenarum,
1268 2220 1309 2250 vi.

798 2263 865 2290 123.

754 2302 897 2343 Harpagi
933 2302 1026 2333 Medi
1061 2302 1253 2336 familiaritas
1277 2314 1309 2336 et

796 2345 944 2376 autoritas
969 2345 1050 2388 apud
1076 2349 1263 2390 Astyagem,
1287 2348 1308 2378 i.
