1553 2739
208 319 250 348 30

685 315 919 348 INDEX.

209 400 335 436 Cleobis
367 407 398 432 et
429 398 550 430 Bitonis
580 397 707 430 historia
736 408 767 431 et
806 399 923 432 Cnidus
937 399 1054 437 civitas,
1066 400 1085 432 i.
1102 404 1170 432 144.
1191 401 1222 434 ii.
1237 404 1306 433 178.

249 444 421 478 beatitudo,
444 443 461 472 i.
477 446 526 472 31.

209 487 373 520 Cleodaeus
388 485 478 526 Hylli
493 483 584 521 filius,
595 483 635 515 vi.
650 487 699 515 52.
714 484 778 516 vii.

252 534 321 560 204.
344 528 405 558 viii.
423 531 491 558 131.

210 570 429 604 Cleombrotus
450 577 481 599 et
496 569 649 600 Leonides
668 569 766 610 gemi-

250 614 293 650 ni,
317 617 369 649 41,
396 616 422 642 l.
454 611 517 642 viii.
538 615 588 642 71.
620 613 766 642 Anaxan-

250 655 346 686 dridae
356 654 451 691 filius,
464 652 536 685 ibid.
555 662 581 684 et
595 653 635 685 ix.
652 658 697 685 10.
712 664 765 695 pa-

250 706 298 728 ter
314 696 485 733 Pausaniae‚
498 696 538 726 iv.
550 700 604 726 81.

208 739 392 773 Cleomenes
416 739 647 770 Anaxandridae
674 738 763 774 filius,

250 793 280 813 v.
294 786 406 819 41,64.
423 781 473 812 vii.
491 785 558 811 148.
579 782 667 823 inops
678 792 764 811 men-

248 825 298 861 tis,
323 836 352 854 v.
365 827 416 854 42.
438 826 555 865 Spartae
570 834 623 854 rex
637 831 766 859 creatus,

249 878 314 898 non
330 874 457 908 propter
471 865 698 902 fortitudinem,
711 866 763 896 sed

247 917 380 953 propter
401 919 509 950 genus,
543 919 571 938 v.
597 913 647 939 39.
689 919 763 938 auro

249 962 406 992 corrumpi
415 961 476 981 non
491 958 592 992 potest
607 961 624 980 a
639 952 763 982 Maean—

248 994 328 1030 drio,
349 993 478 1042 ideoque
494 993 632 1023 virorum
653 993 762 1034 justiss

248 1037 344 1072 audit,
360 1035 402 1066 iii.
419 1039 485 1065 148.
508 1035 659 1065 discordia
681 1035 761 1065 inter

248 1079 336 1110 illum
362 1085 393 1108 et
414 1079 631 1113 Demaratum,
655 1077 759 1114 vi.51‚

248 1125 300 1158 61,
333 1124 383 1156 73,
415 1123 464 1150 74.
500 1119 691 1150 Clisthenem
713 1122 760 1151 A-

248 1163 349 1194 thenis
374 1162 466 1203 ejicit,
491 1172 520 1192 v.
541 1165 592 1198 70,
614 1166 664 1193 72.
696 1163 761 1204 ejus

248 1214 320 1236 cum
345 1205 530 1246 Aristagora
555 1212 632 1240 acta,
658 1215 686 1235 v.
708 1209 758 1239 49,

248 1251 300 1284 50,
321 1250 371 1278 51.
400 1247 480 1276 inter
507 1246 707 1277 Cleomenem
730 1255 759 1277 et

246 1290 385 1331 Argivos
407 1297 483 1324 acta,
509 1288 549 1318 vi.
565 1292 616 1325 76,
638 1292 690 1326 77,
711 1292 762 1325 78,

246 1336 299 1368 79,
313 1336 361 1362 80.
376 1331 577 1373 proficiscitur
589 1339 694 1361 contra
710 1332 761 1362 Pi-

246 1375 424 1410 sistratidas,
445 1384 474 1403 v.
490 1377 540 1403 64.
561 1373 715 1404 Achaeum
731 1384 760 1404 se

245 1427 310 1447 esse
335 1417 388 1452 ait,
423 1426 484 1445 non
507 1417 636 1451 Dorem,
668 1427 697 1446 v.
712 1420 761 1447 72.

247 1458 386 1500 profugit
419 1460 528 1499 Sparta
563 1466 593 1488 et
623 1458 761 1488 Arcadas

247 1501 377 1531 solicitat
404 1508 510 1530 contra
526 1502 699 1540 Spartanos,
720 1501 760 1530 vi.

245 1547 262 1574 ’ἶ
268 1548 295 1573 4.
317 1543 460 1573 adversus
473 1542 678 1573 Athenienses
688 1542 760 1573 'bel-

248 1585 312 1615 lum
335 1585 426 1626 gerit,
453 1596 483 1614 v.
497 1588 548 1620 74,
573 1587 621 1615 75.
653 1585 691 1614 ad
714 1586 760 1615 in-

245 1628 360 1660 saniam
383 1628 533 1663 redactus,
569 1638 598 1657 v.
624 1630 676 1663 75,
711 1631 760 1658 84.

245 1671 311 1711 ejus
328 1670 476 1700 interitus.
491 1681 522 1699 v.
535 1673 584 1700 48.

205 1711 329 1743 Cleonae
346 1712 428 1747 iubs,
442 1712 492 1741 vii.
507 1715 558 1741 22.

205 1755 320 1786 Clinias
340 1753 510 1784 Alcibiadis
532 1754 613 1783 filius
626 1753 759 1784 Atheni-

245 1797 363 1826 ensium
408 1796 674 1836 praestantissimus
728 1797 756 1826 in

244 1838 337 1870 classe
374 1846 480 1868 contra
510 1840 661 1875 Xerxem,
698 1838 759 1869 viii.

202 1922 384 1959 Clisthenes,
393 1922 530 1963 Sicyonis
542 1930 698 1962 tyrannus
715 1923 756 1954 vi

245 1968 313 1996 126.
332 1965 397 2006 ejus
412 1965 517 1995 odium
533 1964 564 1994 in
575 1967 605 1995 A
622 1966 756 2001 fastum,

242 2017 273 2038 v,
288 2011 337 2038 67.
360 2008 438 2038 circa
455 2006 645 2038 Clisthenem
668 2015 698 2037 et
721 2008 757 2038 fi-

242 2049 315 2081 liam
359 2049 540 2090 Agaristam
574 2060 607 2079 ac
648 2061 757 2091 procos

241 2100 318 2128 acta,
338 2091 377 2122 vi.
396 2095 465 2127 126,
481 2094 549 2126 127.
564 2099 612 2121 etc.

201 2133 373 2173 Clisthenes
402 2133 630 2165 Alcmaeonides
656 2133 756 2163 Athe·

242 2177 352 2207 niensis
367 2176 498 2217 Sicyonii
523 2175 687 2207 Clisthenis
703 2186 755 2206 ne-

242 2229 307 2260 pos,
340 2223 435 2255 v.66,
459 2222 508 2249 67.
533 2218 659 2249 vi.131.
691 2218 756 2258 ejus

241 2270 272 2291 et
300 2263 430 2303 Isagorae
451 2260 608 2298 factiones,
650 2271 679 2291 v.
704 2265 755 2297 66,

231 2307 292 2339 ·69,
308 2307 357 2334 70.

191 2344 357 2387 Clytiudes
376 2345 568 2384 Tisamenus,
585 2344 626 2379 ix.
637 2349 688 2380 33.

805 442 907 474 Cnidii
927 443 1235 475 Lacedaemoniorum
1249 443 1360 479 coloni.

844 485 865 514 i.
881 488 948 516 174.
969 496 1077 516 eorum
1092 496 1163 516 cum
1183 486 1360 517 Tarentinis

846 527 990 564 amicitia,
1013 528 1052 558 iii.
1075 532 1144 558 138.
1176 538 1263 558 suam
1289 528 1361 559 diti-

845 579 938 600 onem
954 570 984 600 in
1008 570 1113 601 insulae
1130 569 1263 601 formam
1289 580 1360 612 per-

844 611 989 642 fodiendo
1015 620 1135 643 tentant
1159 613 1311 654 redigere,
1341 613 1359 643 i.

846 657 914 684 174.
929 662 959 684 et
972 654 1121 685 isthmum
1132 655 1294 697 perfodere
1303 665 1359 685 vo-

844 695 940 726 lentes
950 697 1109 738 quomodo
1119 697 1270 738 impediti,
1286 695 1359 727 ibid.

845 739 996 780 Han-pago
1029 750 1061 770 se
1090 739 1218 775 dedunt,
1252 739 1270 769 i.
1299 742 1360 770 174

844 782 1070 821 Cyrenaeorum
1094 782 1201 823 quosd.
1225 790 1360 819 servant,

842 823 881 853 iv.
900 827 968 854 164.

800 865 950 896 Cnoethus
959 873 1046 907 pater
1052 865 1246 903 Nicodromi,
1256 866 1298 897 vi.
1308 869 1358 897 88.

800 907 910 939 Cobon
921 907 1139 950 Aristophanti
1155 908 1248 945 filius,
1258 908 1299 939 vi.
1307 913 1357 940 66.

800 950 920 981 Codrus
930 950 1171 981 Atheniensium
1185 961 1250 989 rex,
1263 962 1292 982 v.
1304 955 1355 988 65.

839 996 890 1023 76.

799 1035 919 1066 Codrus
934 1035 1093 1066 Melanthi
1108 1034 1128 1065 f.
1143 1034 1163 1066 i.
1180 1038 1249 1066 147.

799 1077 919 1108 Codrus
935 1077 1023 1108 Nelei
1039 1085 1137 1118 pater,
1157 1077 1197 1108 ix.
1211 1081 1262 1109 97.

798 1119 893 1155 Coela,
910 1120 958 1149 via
973 1120 1126 1160 quaedam,
1144 1120 1186 1149 vi.
1203 1123 1270 1151 103.

798 1161 884 1192 Coela
901 1161 982 1198 Chii,
1004 1162 1044 1192 vi.
1060 1165 1109 1192 26.
1131 1161 1270 1199 Euboeae,
1293 1161 1355 1193 viii.

799 1247 1004 1286 Coenyrorum
1019 1253 1049 1276 et
1065 1246 1259 1287 AEnyrorum
1273 1246 1356 1277 locus

839 1298 936 1330 prope
963 1299 1056 1330 quem
1079 1288 1204 1320 metalla
1228 1288 1353 1326 Thasia,

839 1341 879 1360 vi.
892 1334 933 1361 47

798 1374 878 1404 Co'e's
901 1372 1106 1414 Mit51enaeus
1129 1372 1280 1404 Erxandri
1316 1373 1354 1403 fi-

840 1415 936 1451 lius,'
928 1427 968 1445 ιν.
971 1385 1034 1446 >92
1057 1426 1086 1445 v.
1103 1419 1149 1445 11.
1182 1415 1354 1455 Mitylenes

839 1457 1036 1497 tyrannidem
1062 1468 1079 1487 a
1100 1457 1201 1488 Dario
1227 1457 1357 1498 accepit,

838 1511 867 1530 v.
886 1504 932 1530 11.
954 1508 1059 1541 captus
1077 1501 1243 1540 Iatragora,
1257 1511 1284 1530 v.
1300 1503 1350 1530 37.

838 1553 855 1571 a
870 1541 1063 1582 R‘Iitylenaeis
1087 1541 1239 1584 lapidibus
1258 1542 1351 1573 inter-

836 1584 944 1620 fectus,
958 1596 986 1614 v.
1001 1587 1050 1614 38.

796 1627 905 1657 Coitus
919 1627 949 1656 in
965 1626 1098 1667 templis,
1112 1625 1141 1656 ii.
1151 1630 1193 1657 64

795 1669 878 1700 Cola
884 1679 928 1705 us,
937 1669 1046 1699 Samiae
1056 1669 1140 1699 navis
1151 1668 1350 1710 gubernator,

836 1712 875 1741 iv.
896 1715 962 1741 152.

795 1753 935 1784 Colaxais
948 1752 1089 1794 Targitai
1104 1752 1195 1789 filius,
1208 1753 1248 1783 iv.
1260 1756 1289 1783 5.
1311 1753 1349 1784 ab

836 1806 872 1825 eo
893 1795 1014 1825 oriundi
1038 1795 1171 1835 Scythae,
1196 1795 1235 1824 iv.
1250 1800 1269 1826 6
1294 1796 1349 1825 tri-

836 1837 906 1886 plex
930 1837 1000 1868 filiis
1023 1838 1180 1868 constituit
1206 1848 1352 1879 regnum,

834 1881 876 1911 iv.
890 1883 918 1911 7.

795 1922 914 1959 Colchi,
937 1922 956 1952 i.
983 1926 1051 1953 104.
1073 1921 1239 1970 progenies
1244 1923 1348 1964 Εἰς)-

834 1965 907 2006 ptia,
935 1965 965 1995 ii.
991 1969 1058 1995 104.
1091 1975 1131 1993 ιιι.
1147 1967 1195 1995 97.
1232 1964 1272 1994 iv.
1298 1969 1349 1995 40.

835 2018 943 2037 eorum
974 2014 1130 2036 armatura
1162 2015 1193 2037 et
1227 2006 1288 2037 dux
1314 2007 1346 2038 in

834 2049 947 2080 Xerxis
961 2050 1105 2084 exercitu,
1124 2049 1174 2078 vii.
1190 2052 1239 2080 79.
1273 2049 1347 2080 Col.

834 2091 956 2121 chicum
1000 2090 1098 2121 linum
1145 2091 1346 2122 Sardonicum

833 2133 961 2168 dictum,
978 2133 1006 2163 ii.
1027 2137 1092 2164 105.

791 2175 893 2207 Colias
908 2186 961 2205 ora
975 2175 1103 2211 Atticae,
1114 2174 1176 2205 viii.
1191 2179 1240 2206 96.

792 2217 955 2258 Colophon
979 2219 1118 2258 Smyrnae
1145 2217 1295 2254 conditor,
1326 2216 1345 2247 i.

835 2263 901 2290 164.

791 2302 955 2350 Colophon
970 2303 1078 2331 Ionum
1100 2301 1214 2337 civitas,
1241 2301 1260 2330 i.
1278 2304 1345 2334 142.

830 2345 861 2376 ii.
875 2349 903 2376 δ.
927 2352 1058 2388 vxcuptu
1073 2355 1091 2374 ’.ι
1106 2347 1209 2388 G>ge,
1230 2344 1249 2374 i.
1264 2347 1312 2375 14.
