1553 2739
542 309 788 344 'INDEX-

84 403 221 435 *Phocais
235 398 382 436 Homeri,
403 399 433 430 ii.
450 402 498 430 16.

90 446 301 479 Phocaeenses,
318 444 336 473 i.
354 446 423 474 15⁶2.
437 440 532 483 primi
544 439 646 482 longis

131 487 262 518 navibus
274 486 320 517 usi
335 493 418 521 sunt,
437 485 456 515 i.
471 488 540 515 168.
563 483 647 514 Pho-

132 530 297 561 caeensium
310 539 429 564 murus,
442 527 516 558 ibid.
537 536 647 557 eorum

132 571 320 613 demigratio
334 570 366 601 in
382 572 534 611 Cyrnum,
548 569 566 599 i.
580 571 649 599 165.

134 626 244 646 eorum
259 621 368 644 mutua
377 613 530 644 execratio
542 612 650 652 nequis

134 659 166 689 in
178 657 312 699 patriam
323 656 451 692 rediret,
464 656 481 685 i.
494 658 562 686 165.
577 664 649 684 cum

135 699 311 742 Tyrrhenis
333 706 363 728 et
388 696 650 739 Carthaginiensi-

135 743 195 774 bus
225 741 334 772 navale
370 740 500 777 bellum,
535 741 554 770 i.
582 743 650 770 166.

137 785 248 828 proelio
262 784 339 815 victi
363 785 470 824 Cyrno
495 782 652 817 secedunt,

135 827 211 859 ibid.
232 827 275 858 eis
290 826 428 858 Cadmea
442 825 573 856 victoria
595 824 650 855 ob-

136 871 222 913 tigit,
235 870 309 900 ibid.
329 869 361 900 in
376 869 537 910 Rhegium
553 867 651 898 demi-

138 921 242 956 grant,
263 912 337 943 ibid.
367 912 449 954 capti
464 911 651 954 lapidantur,

140 958 161 986 i.
177 960 246 988 167.

97 999 281 1034 Phocenses,
298 997 317 1027 i.
345 1001 414 1028 146.
445 995 651 1028 phocensium

139 1043 172 1072 in
185 1040 351 1072 Thessalos
365 1040 499 1082 eruptio,
522 1039 585 1069 viii.
599 1042 649 1074 27,

139 1088 193 1121 28,
213 1083 420 1115 Phocensium
441 1083 528 1124 regio
550 1093 568 1112 a
582 1081 653 1113 bar-

138 1127 222 1158 baris
236 1133 385 1162 vastatur,
404 1126 468 1156 viii.
483 1129 533 1156 32.

99 1169 212 1204 Phoebi
224 1169 344 1205 fanum,
363 1169 402 1199 vi.
415 1173 467 1200 61.

101 1212 273 1248 Phoenices,
286 1212 316 1241 ii.
334 1215 402 1242 104.

102 1254 264 1288 Phoenices
279 1254 407 1291 Sidonii,
421 1253 471 1284 vii.
487 1257 537 1283 44.

100 1297 262 1330 ,Phoenices
282 1296 385 1337 Tyrii,
410 1297 438 1327 ii.
463 1301 530 1327 112.
568 1296 660 1328 Phoe-

145 1341 228 1371 nices
249 1351 287 1370 ex
314 1339 478 1370 Palaestina
504 1340 604 1380 Syria,
640 1339 659 1369 i.

149 1387 218 1415 105.
242 1382 407 1418 Palaestini‚
425 1383 454 1413 ii.
472 1386 541 1413 104.

98 1426 268 1459 *Phoenices
282 1425 504 1456 dissensionum
523 1433 663 1456 auctores

148 1480 221 1500 curn
248 1468 375 1504 Graecis,
403 1468 421 1498 i.
440 1472 465 1498 1.
503 1468 663 1499 Phoenices

149 1512 189 1543 ad
232 1510 369 1552 Libyam
417 1511 662 1553 cognoscendam

148 1554 244 1591 missi,
256 1554 298 1584 iv.
312 1557 362 1583 42.
384 1554 569 1584 invenerunt
584 1553 664 1583 auri-

150 1596 271 1628 fodinas
291 1596 399 1631 Thasi,
433 1597 537 1627 vi.47.
573 1596 664 1626 Phoe-

151 1640 235 1670 nices
261 1639 355 1680 primi
380 1639 497 1669 litteras
520 1639 551 1669 in
577 1641 666 1669 Grae-

153 1682 232 1713 ciam
244 1681 393 1717 adtulere,
422 1693 451 1712 v.
466 1686 518 1713 58.
542 1681 667 1713 Phoeni-

153 1735 226 1755 cum
262 1732 420 1754 armatura
461 1726 493 1754 in
530 1724 667 1755 exercitu

153 1767 280 1802 Xerxis,
294 1767 345 1797 vii.
359 1770 409 1798 89.
425 1767 587 1798 Phoenices
601 1766 669 1808 qui-

153 1810 227 1840 dam
257 1809 400 1840 decollati
434 1810 518 1851 jussu
548 1809 672 1846 Xerxis,

154 1852 207 1882 vii.
222 1857 272 1883 90.

104 1895 299 1927 :Phoenicum
321 1895 440 1925 aversio
469 1895 501 1925 in
525 1894 673 1926 laedendis

157 1937 284 1974 colonis,
298 1937 339 1968 iii.
357 1941 404 1969 19.

106 1980 284 2012 ,Phoeniciae
299 1980 424 2018 litterae,
438 1992 468 2011 v.
480 1983 530 2012 58.

114 2023 247 2055 Phoenix
273 2024 408 2064 AEgypt.
439 2024 504 2055 avis
526 2033 621 2059 sacra,
643 2022 672 2052 ii.

159 2068 209 2096 73.
231 2065 297 2107 ejus
311 2066 489 2108 descriptio,
502 2065 578 2096 ibid.

117 2107 250 2140 Phoenix
264 2107 389 2145 fluvius,
403 2109 455 2139 vii.
474 2112 543 2144 176,
558 2111 631 2139 200.

117 2151 275 2182 Phormus
289 2151 498 2187 Atheniensis,
513 2151 564 2181 vii.
582 2154 652 2181 182.

117 2193 286 2225 Phraortes
295 2193 376 2224 filius
384 2194 519 2231 Deiocis,
533 2205 587 2224 rex
601 2195 674 2224 Me-

162 2235 232 2271 diae,
258 2235 277 2265 i.
295 2240 363 2266 109.
385 2236 452 2278 ejus
471 2247 519 2267 res
533 2244 628 2278 gesta:
645 2244 675 2267 et

161 2278 315 2314 interitus,
331 2278 405 2309 ibid.

111 2320 322 2362 {Phrataguna
350 2321 439 2353 Darii
475 2322 557 2364 regis
591 2333 677 2359 uxor,

156 2363 216 2396 vii·
231 2367 301 2395 22⁶1.

690 397 860 434 Phriconis,
883 399 904 429 i.
921 399 991 430 149.
1013 397 1046 429 ii.
1060 400 1089 429 1.

690 441 825 477 Phrixae,
840 440 1001 483 oppidum,
1017 441 1059 472 iv.
1076 444 1146 471 148.

688 484 830 520 Phrixus,
851 485 904 515 vii.
921 487 991 515 197.

688 527 858 558 Phronima
874 526 1020 558 Etearchi
1034 525 1099 558 filia
1120 527 1250 568 ejusque

728 569 864 606 fortuna,
898 570 939 600 iv.
961 573 1034 601 -154,
1078 568 1249 600 concubina

731 612 937 654 Polymnesti‚
950 612 993 644 iv.
1008 615 1080 644 155.

689 655 831 698 Phryges
853 667 871 686 a
886 657 995 687 Croeto
1011 654 1141 692 subacti,
1165 655 1188 685 i.
1202 658 1253 685 28.

732 699 875 742 Phryges
907 698 1113 740 antiquissimi
1150 697 1252 728 homi-

731 752 817 778 num,
829 743 859 772 ii
872 746 900 772 2.
915 752 1026 772 eorum
1038 741 1070 771 in
1083 741 1252 772 Xerxiano

728 785 867 816 exercitu
903 791 1072 821 armatura,
1110 784 1168 814 vii.
1201 787 1253 815 73.

728 827 870 901 zhgyges
905 827 1014 869 Briges
1040 827 1115 858 dicti
1152 834 1255 864 antea,

728 881 737 900 1
768 882 776 900 1
805 893 812 900 .

689 913 861 954 Phyrnichi
875 911 991 948 fabula,
1005 912 1047 942 vi.
1060 916 1110 943 21.

690 955 840 996 Phrynon
854 964 943 998 pater
954 956 1115 998 Attagini,
1127 955 1168 985 ix.
1184 958 1232 986 15.

689 997 848 1030 Phthiotae
859 997 981 1033 Achaei,
997 998 1050 1029 vii.
1067 1002 1136 1029 18⁶2.

688 1041 846 1073 Phthiotis
859 1053 922 1079 ora,
938 1042 957 1072 i.
971 1043 1022 1072 56.

691 1084 780 1125 Phya
794 1085 906 1115 mulier
931 1095 968 1115 ex
994 1083 1078 1115 tribu
1106 1084 1257 1120 Paeanica,

734 1128 752 1157 i.
767 1132 827 1160 59:
841 1127 878 1158 ab
899 1138 935 1158 ea
951 1127 1128 1158 Pisistratus
1153 1134 1189 1157 ut
1205 1138 1254 1157 re·-

736 1171 858 1207 ductus,
879 1169 955 1200 ibid.

695 1213 850 1254 Phylacus
875 1212 998 1244 Histiaei
1024 1212 1068 1243 fil.
1097 1213 1160 1244 viii.
1201 1216 1253 1244 85,

740 1257 895 1297 Phylacus
916 1264 948 1286 et
973 1258 1143 1286 Autonous
1177 1255 1256 1285 Del-

740 1300 876 1341 phorum
891 1299 1002 1329 hero‘e's
1027 1306 1059 1329 et
1074 1309 1183 1329 eorum
1202 1299 1254 1328 de-

740 1342 878 1378 lubrum,
895 1342 956 1372 viii.
973 1346 1023 1372 39.

700 1385 819 1426 Phyllis
834 1385 932 1426 regio,
947 1384 999 1415 vii.
1017 1387 1086 1414 113.

700 1428 823 1459 Pilorus
837 1427 922 1464 urbs,
936 1427 989 1458 vii.
1007 1430 1075 1457 122.

701 1471 803 1502 Pieria
818 1470 880 1511 pix,
894 1471 936 1500 iv.
956 1472 1029 1501 195.

702 1514 805 1545 Pieres
818 1524 891 1554 pop.
905 1512 958 1543 vii.
974 1516 1042 1542 119..
1059 1516 1129 1544 185.

703 1557 829 1587 Pierum
842 1555 934 1591 muri,
948 1555 1000 1585 vii.
1018 1558 1087 1585 112.

703 1600 812 1640 Pigres
826 1598 963 1628 Seidomi
979 1598 1025 1628 fil.
1041 1598 1091 1627 vii.
1109 1601 1159 1629 98.

705 1642 813 1683 Pigres
845 1649 876 1671 et
901 1642 1052 1682 Mantyes
1076 1640 1195 1676 fratres,
1229 1652 1248 1671 v

750 1688 797 1714 12.

706 1726 859 1758 Pindarus
873 1727 976 1768 pob'ta,
990 1725 1030 1755 iii.
1045 1729 1094 1756 38.

707 1769 824 1800 Pindus
848 1779 938 1799 mons
961 1767 1142 1805 Thessaliae,
1170 1769 1188 1798 i.
1209 1773 1260 1800 56-

750 1812 801 1842 vii.
820 1815 889 1843 129.

709 1855 814 1891 Pinus,
829 1854 925 1891 locus,
946 1854 974 1884 ii.
990 1859 1040 1885 20.

710 1898 814 1934 Pinus,
829 1897 949 1928 fructus
963 1897 1102 1932 nomina,
1115 1895 1190 1927 ibid.

710 1939 779 1971 Pini
794 1947 906 1970 natura
919 1950 1002 1980 quae,
1015 1939 1057 1969 vi·
1074 1942 1124 1969 37.

711 1983 812 2019 Pirus,
822 1983 931 2024 ingens
946 1982 1070 2017 fluvius,
1087 1981 1106 2011 i.
1127 1984 1197 2012 145.

710 2025 844 2056 Piromis
880 2035 917 2055 ex
952 2024 1072 2056 Piromi
1096 2024 1268 2066 AEgyptio-

754 2078 836 2102 rum.
857 2067 888 2097 ii.
906 2070 975 2098 143.

711 2111 781 2141 Pisa
795 2110 877 2147 urbs,
899 2110 929 2140 ii.
942 2114 973 2141 7--

713 2153 883 2184 Piscatores
897 2152 1070 2194 Tirynthii,
1086 2152 1139 2183 vii.
1156 2156 1226 2183 137.

714 2196 907 2227 Piscatorum
923 2196 1068 2236 aenigma,
1084 2195 1116 2225 ii.
1133 2199 1183 2226 35.

715 2238 853 2270 Piscibus
869 2240 1030 2279 AEgyptus
1054 2237 1198 2273 abstinet,
1234 2236 1266 2267 ii.

757 2286 806 2312 37.
840 2280 969 2321 piscium
993 2281 1046 2321 qui
1063 2282 1208 2322 AEgypto
1223 2291 1270 2310 sae·

757 2323 812 2360 cri,
836 2324 867 2353 ii.
890 2327 939 2354 72.
975 2323 1104 2364 piscium
1125 2322 1269 2363 genitura

757 2366 786 2398 in
802 2366 918 2409 stagnis
939 2366 1022 2409 apud
1037 2365 1218 2408 AEgypfioe,
1236 2365 1269 2396 ii.
