1553 2739
243 307 286 336 58

246 387 454 419 Lacedaemon
469 387 507 419 de
520 388 656 430 regione,
672 389 712 419 vi.
725 393 778 420 58.

247 431 478 462 Lacedaemonii
495 433 600 462 Craeso
616 431 716 466 amici,
733 431 752 461 i.
767 436 797 468 6,

288 477 342 504 51.
355 476 538 503 Graecorum
551 473 766 513 potentissimi,
782 474 799 503 i.

287 520 337 546 56.
369 525 478 545 eorum
504 514 587 555 leges
611 526 629 544 a
650 517 800 557 Lycurgo

287 558 369 593 latae,
397 557 415 587 i.
430 559 480 605 65.
512 556 631 587 bellum
653 559 800 599 Tegeatis

288 600 435 636 inferunt,
458 598 478 628 i
495 603 544 630 66.
577 610 687 630 eorum
715 611 801 630 com-

288 642 382 683 pedes
407 641 491 683 apud
512 643 678 683 Tegeates,
706 642 726 672 i.
751 647 800 673 66.

289 683 447 725 quomodo
471 684 619 725 Tegeatis
643 684 717 714 facti
741 685 801 714 sint

289 726 469 767 superiores,
480 726 498 757 i.
510 730 559 757 68.
569 726 721 757 Laconica
731 726 801 757 bre-

288 768 376 804 vitas,
400 769 443 798 iii.
455 773 506 799 46.
538 779 647 801 eorum
662 769 801 810 Argivo-

287 821 421 851 rumque
445 822 502 852 pro
517 821 592 852 agro
606 811 733 852 Thyrea
756 812 801 842 dj-

289 853 424 890 micatio,
446 854 466 884 i.
483 857 532 883 89.
553 853 728 884 Lacedaem.
751 865 800 884 co-

288 906 340 925 ma
355 903 423 937 post
438 896 599 926 victoriam
616 896 653 926 de
662 896 801 937 Argivi5‚

289 937 363 968 ibid.
388 948 498 968 eorum
513 938 658 968 mandata
672 939 711 968 ad
738 940 799 979 Cy-

289 990 372 1016 rum,
393 980 411 1010 i.
430 984 498 1011 153.
534 991 642 1010 eorum
657 981 801 1010 adversus

290 1022 488 1063 Polycratem
504 1023 670 1064 expeditio,
695 1023 736 1053 iii.
751 1027 799 1053 44.

288 1065 320 1094 in
333 1067 459 1096 Samum
467 1065 634 1105 expeditio,
645 1065 718 1095 ibid.
733 1076 800 1095 mos

291 1105 321 1136 in
337 1107 492 1137 sumendis
518 1107 674 1148 suppliciis
696 1115 798 1141 noctu,

288 1149 330 1180 iv.
348 1153 416 1180 146.
437 1149 475 1179 de
490 1161 520 1180 se
534 1150 606 1190 ipsis
621 1150 736 1190 opinio,
761 1150 800 1180 vi.

289 1195 339 1222 52.
350 1202 460 1233 regum
469 1192 551 1233 apud
561 1203 612 1221 eos
621 1193 699 1233 jura,
712 1191 800 1222 fune-

289 1245 332 1270 ra,
345 1242 385 1264 etc
406 1234 445 1264 vi.
453 1238 612 1270 56‚57,58.
624 1245 732 1264 eorum
745 1234 799 1265 ob—

289 1276 421 1306 servatio
434 1276 526 1311 lunae,
542 1276 582 1306 vi·
603 1280 670 1307 106.
691 1287 798 1306 eorum

289 1319 388 1349 oratio
402 1318 441 1348 ad
462 1318 655 1354 Plataeenses,
676 1319 716 1349 vi.
733 1322 799 1349 108.

289 1361 329 1391 ad
340 1361 555 1396 Athenienses,
578 1361 640 1390 viii.
658 1365 725 1391 14‘2.
747 1372 798 1391 eo-

288 1414 360 1434 rum
383 1403 480 1433 virtus
501 1403 620 1440 bellica,
656 1403 707 1433 vii.
730 1407 800 1439 109,

292 1449 359 1476 104.
390 1446 582 1486 gymnastico
604 1445 676 1475 ludo
702 1456 732 1475 se
747 1456 798 1475 ex-

290 1495 405 1524 ercent,
419 1495 449 1518 et
463 1498 582 1517 comam
595 1495 734 1528 pectunt,
748 1488 800 1518 vii.

288 1533 359 1560 5208.
391 1530 701 1560 Lacedaemoniorum
726 1541 798 1560 ccc.

288 1572 328 1602 ad
351 1572 442 1613 Pylas
456 1571 564 1607 clades,
590 1572 641 1602 vii.
655 1575 725 1602 994.
747 1583 797 1603 oc-

288 1614 421 1645 cisorum
436 1613 592 1656 sepultura
605 1614 644 1645 ad
659 1614 799 1652 Plataeas,

287 1657 327 1688 ix.
340 1660 390 1688 85.

246 1702 385 1731 Lacmon
397 1710 496 1736 mons,
517 1699 555 1730 ix.
570 1703 619 1731 93.

246 1742 393 1774 Lacrines
419 1741 539 1784 legatus
563 1742 602 1772 ad
625 1742 756 1783 Cyrum,
779 1742 797 1772 i.

292 1788 359 1816 152.

245 1827 350 1858 Laetis
361 1826 537 1868 emulgendi
546 1837 614 1857 mos
625 1826 707 1868 apud
723 1828 796 1867 Scy-

288 1869 367 1906 thas,
387 1869 428 1900 iv.
443 1874 472 1899 9.

245 1913 346 1943 Lacus
360 1911 542 1948 Tritonidis,
567 1911 607 1942 iv.
624 1914 691 1943 179.
714 1911 795 1942 lacus

286 1954 368 1984 unde
402 1954 453 1995 pix
477 1953 628 1990 hauritur,
664 1954 695 1985 iv
729 1957 795 1984 195.

286 1996 369 2028 lacus
383 1996 604 2038 Stymphalius‚
627 1996 667 2026 vi.
682 1999 730 2027 76.
752 1996 795 2026 12¹.-

286 2050 338 2069 cus
362 2038 492 2074 Boebeis,
527 2050 577 2069 vu.
606 2042 674 2070 199.
715 2038 796 2068 lacus

288 2083 435 2123 Gygaeus,
460 2081 478 2111 i.
501 2086 549 2112 923.
592 2080 673 2111 heus
697 2080 795 2111 famo-

287 2124 420 2154 sissimus
443 2123 632 2159 Ismaris‚et·.
658 2122 709 2153 vii.
727 2127 785 2154 109

286 2166 325 2196 ad
340 2165 433 2196 salem
450 2165 632 2214 parandum,
646 2165 697 2196 vii.
711 2169 759 2196 30.

244 2208 331 2239 Lada
345 2208 451 2244 insula,
467 2220 507 2239 vi.
522 2212 549 2239 7.

242 2251 357 2281 Ladice
372 2262 448 2281 uxor
460 2250 592 2287 Amasis,
603 2250 728 2292 ejusque
739 2260 793 2280 vo-

286 2301 365 2329 tum,
379 2293 407 2323 ii.
425 2297 492 2324 181.

244 2334 313 2367 Laii
348 2336 521 2380 Erinnyum
547 2334 722 2377 delubrum,
753 2335 793 2368 iv.

712 306 947 338 INDEX.

883 393 952 421 149.
974 389 1106 427 oracula,
1129 400 1160 421 v.
1173 394 1224 421 43.
1259 391 1324 432 ejus
1338 400 1395 433 ge-

879 442 946 467 nus,
962 443 991 462 v.
1005 436 1055 463 59.

837 475 985 515 Lampito
996 474 1200 514 Leutychidis
1210 474 1283 510 filia,
1295 475 1359 506 vi.7
1365 479 1393 506 1.

837 518 980 557 Lampon
999 516 1111 556 Pythei
1127 516 1219 552 filius,
1231 517 1270 547 ix.
1284 520 1334 546 78.
1358 528 1391 547 e-

878 559 928 599 jus
942 558 1109 588 nefandum
1134 559 1294 589 consilium
1310 560 1391 589 Pau-

879 601 976 630 sanias
991 600 1116 641 respuit,
1131 600 1204 631 ibid.

836 644 981 683 Lampon
996 643 1175 683 'I'hrasyclis
1189 643 1231 673 fil.
1253 643 1291 673 ix.
1307 647 1358 674 90.

837 687 981 725 Lampon
997 684 1216 726 Olympiodori
1230 692 1328 726 pater,
1351 685 1392 716 ix.

879 731 929 757 21.

836 769 1047 810 Lamponium
1063 776 1188 811 captum
1214 769 1252 800 ab
1276 771 1389 807 Otane,

878 823 908 841 v.
922 815 971 843 26.

836 856 1023 895 Lampsacus
1038 852 1122 890 urbs,
1135 865 1164 884 v.
1181 857 1250 885 117.

835 898 923 925 Lana
938 896 1066 926 arborea
1080 896 1144 933 ubi,
1157 896 1199 926 iii.
1214 900 1283 927 106.

835 938 1008 968 Laodamas
1024 938 1226 973 Phocaeensis,
1241 939 1282 969 iv.
1299 941 1368 969 138.

834 982 973 1010 Laod-an.
977 992 1008 1011 as
1044 981 1178 1011 Eteocu's
1202 980 1284 1011 filius
1318 991 1389 1012 mo-

876 1023 1035 1059 narcha,v
1037 1027 1108 1053 ..61

834 1065 1008 1095 Laodamas
1045 1065 1175 1095 Sostrati
1213 1073 1312 1106 pater,
1346 1066 1388 1096 iv.

880 1111 949 1138 159.

834 1150 969 1180 Laodice
986 1149 1193 1191 Hyperborea
1207 1149 1322 1191 puella,
1346 1150 1390 1181 iv.

836 1234 996 1275 Laphanes
1010 1233 1216 1275 Euphorionis
1230 1233 1319 1270 filius,
1346 1234 1389 1265 vi.

879 1280 946 1307 1527.

835 1318 1252 1354 Laureimetalla‚v1.144.

834 1361 959 1408 Laphy
949 1361 1022 1390 tius
1038 1360 1169 1401 Jupiter,
1182 1360 1234 1390 vii.
1255 1363 1325 1391 197.

833 1403 943 1444 Lapiefi
937 1406 994 1433 cir
991 1414 1022 1433 ae
1035 1403 1073 1432 ad
1085 1403 1260 1444 pyramides
1276 1404 1385 1433 NIem-

876 1445 1017 1486 phios,1i.
1032 1448 1060 1474 S.

834 1489 928 1528 Lapis
948 1487 1145 1528 AEthiopicus
1170 1486 1209 1516 ad
1243 1486 1384 1517 scinden-

875 1531 962 1566 dum,
986 1529 1018 1559 ii.
1030 1533 1078 1560 87.
1112 1529 1254 1565 Porinus,
1278 1537 1309 1559 et
1325 1531 1397 1560 Pa-

875 1573 947 1608 rius,
962 1583 991 1602 v.
1006 1576 1055 1602 69.

833 1615 927 1656 Lapis
944 1614 1179 1655 NIelampygus,
1192 1613 1243 1644 vii.
1257 1617 1329 1645 916.

833 1657 927 1698 Lapis
942 1664 1048 1686 acutus
1062 1656 1100 1686 ad
1125 1655 1261 1687 coelanda
1274 1655 1384 1698 sigilla,

875 1700 926 1729 vii.
944 1703 994 1730 69.

833 1741 986 1782 Lapidum
1012 1741 1113 1772 acervi
1139 1751 1158 1771 a
1179 1740 1268 1771 Darii
1288 1740 1383 1784 copiis

874 1783 1020 1825 congesti,
1037 1783 1076 1814 iv.
1091 1787 1140 1814 99.

831 1826 986 1867 Lapideus
999 1825 1059 1862 leo,
1073 1826 1123 1856 vii.
1136 1828 1206 1857 995.

830 1869 952 1898 Larissa
967 1868 1080 1899 AEoliae
1097 1868 1213 1904 civitas,
1228 1867 1258 1898 ii.
1277 1871 1329 1900 11.

830 1911 965 1946 Lasonii,
978 1921 1050 1951 pop.
1062 1910 1103 1940 iii.
1117 1915 1168 1941 90.
1178 1910 1231 1941 vii.
1249 1913 1300 1941 77.

830 1955 927 1983 Lasus
941 1952 1184 1988 Hermionensis,
1196 1952 1247 1982 vii.
1260 1956 1290 1984 6.

830 1997 960 2026 Latonae
975 1995 1146 2031 oraculum,
1159 1995 1190 2024 ii
1209 1997 1277 2026 155.

830 2040 913 2068 Laus
927 2049 997 2079 opp.
1013 2037 1051 2067 vi.
1066 2041 1116 2067 21.

829 2082 952 2111 Leaenae
969 2088 1074 2121 partus
1089 2090 1166 2110 unus
1187 2079 1219 2110 in
1234 2079 1299 2110 vita
1313 2089 1379 2117 cur,

872 2123 911 2152 iii.
929 2126 997 2153 108.

831 2167 951 2206 Leager
967 2164 1133 2195 Glauconis
1143 2164 1186 2195 fil.
1200 2164 1238 2194 ix
1254 2166 1305 2196 75-

830 2207 986 2238 Learchus
1035 2206 1129 2236 frater
1186 2205 1379 2238 Arcesilaum

871 2249 1054 2291 strangulat,
1068 2249 1106 2279 iv.
1126 2252 1193 2279 160.
1225 2248 1263 2281 ab
1283 2258 1379 2281 uxore

872 2292 973 2322 fratris
986 2299 1123 2326 necatur,
1144 2290 1219 2323 ibid·

831 2334 978 2375 Lebadia,
990 2334 1052 2366 viii.
1069 2337 1141 2366 184.
