1553 2739
267 343 310 372 20

723 338 844 369 1ND

309 422 374 455 viii.
387 427 438 453 44.
458 420 590 464 populus
603 424 653 452 30.
677 421 821 458 minium,

311 470 403 497 v.97.
431 465 462 495 in
478 464 580 494 lonico
603 473 715 504 genere
741 475 822 505 prae-

310 508 437 542 cellunt,
453 507 472 536 i.
483 510 533 537 56.
547 513 578 536 et
594 507 682 536 lones
696 506 823 547 appelli-

311 551 371 582 tari
385 549 542 584 nolebant,
565 548 584 578 i.
600 552 669 579 143.
701 547 825 579 Ionibus

312 591 500 623 auxiliantur
535 591 682 621 adversus
708 592 823 626 Persas,

311 646 342 665 V.
358 638 410 666 97-
433 635 521 664 Iones
545 632 583 663 ab
597 631 657 663 illis
681 633 824 663 deserun-

312 685 376 714 tur,
400 687 430 706 v.
448 680 516 707 103.
537 675 617 706 inter
633 677 760 706 Graecos
779 685 824 705 sa-

310 718 428 762 pientia
454 718 558 760 primi,
584 718 603 748 i.
624 722 673 748 60.
716 728 825 748 eorum

311 761 477 804 prudentia
501 760 533 791 in
547 759 629 790 bello
652 761 749 791 Xerx.
763 759 826 790 viii.

312 809 342 835 3.
365 804 404 834 ix.
433 807 483 834 27.
525 813 634 833 eorum
659 802 758 833 virtus
792 802 823 831 in

312 846 434 888 proelio,
457 845 496 876 ix.
511 847 563 880 70,
580 849 647 875 101.
676 844 740 875 laus
761 843 826 875 for-

311 888 452 920 titudinis
466 888 504 918 ad
527 887 762 922 Marathonem,
785 887 827 917 vi.

315 935 387 967 1152,
412 934 482 966 113,
500 930 539 960 ix.
561 933 611 960 27.
645 929 827 959 Atheniens.

311 980 524 1004 trecentorum
552 971 662 1008 virtus,
701 971 740 1002 ix.
776 975 825 1001 21.

312 1016 430 1047 Athen.
446 1014 576 1045 Graeciae
591 1013 778 1051 liberatores,
794 1022 826 1045 et

311 1058 393 1099 regis
407 1057 588 1099 repulsores,
603 1056 654 1086 vii.
667 1060 739 1087 139.
750 1066 826 1086 nau-

312 1101 367 1131 tici
389 1099 566 1130 necessitate
579 1098 664 1134 facti,
689 1099 740 1129 vii.
758 1102 826 1129 144.

312 1153 422 1173 eorum
437 1142 517 1172 vires
541 1151 558 1171 e
582 1141 711 1171 navibus
730 1151 826 1182 quan-

866 338 960 370 EX·

902 421 1003 452 navah·
1029 419 1068 451 ad
1090 420 1250 458 Euboeam,
1275 420 1339 452 viii.
1366 422 1417 456 17.

903 475 1012 495 eorum
1033 463 1177 504 proelium
1190 474 1260 494 cum
1274 463 1414 494 finitimis

903 506 986 547 apud
1008 506 1193 542 Eleusinem,
1205 506 1225 536 i.
1238 510 1288 536 30.
1308 514 1416 536 contra

905 548 1151 590 Peloponnenses
1161 548 1372 589 egrediuntur,
1386 560 1417 578 v.

905 593 955 622 74.
976 598 1023 621 etc.
1056 600 1165 621 eorum
1185 598 1292 620 contra
1317 591 1415 630 Cary-

904 632 978 663 stios
1002 632 1130 670 bellum,
1147 633 1187 662 ix.
1204 636 1271 664 105.
1294 634 1416 663 Sestum

904 674 1056 711 obsident,
1067 675 1106 705 ix.
1122 679 1191 705 114.
1206 674 1316 705 urbem
1328 685 1415 705 suam

905 717 1049 748 deserunt
1057 717 1140 748 bello
1151 725 1258 747 contra
1267 719 1418 753 Xerxem,

904 759 968 790 viii.
980 763 1017 790 41
1045 760 1146 790 Sardis
1154 760 1284 790 mittunt
1298 760 1337 790 ad
1346 770 1418 790 con-

905 801 1088 832 trahendam
1103 812 1175 832 cum
1199 802 1299 832 Persis
1324 802 1417 832 socie-

905 851 1014 881 tatem,
1034 852 1066 875 et
1089 844 1187 874 Dario
1201 852 1317 874 terram
1339 851 1370 874 et
1386 854 1417 874 a-

905 897 999 927 quam
1015 886 1203 928 promittunt
1211 886 1317 934 legati,
1330 898 1360 917 v.
1369 890 1419 918 73.

905 929 1018 959 Sardus
1039 929 1199 965 invadunt,
1223 929 1274 959 vxi.
1291 932 1319 965 1,
1335 932 1365 960 8.
1388 940 1420 959 a-

904 971 969 1012 pud
983 971 1115 1002 Darium
1127 970 1303 1008 insimulati,
1317 971 1357 1002 vi.
1369 975 1422 1009 94,

905 1021 937 1043 et
951 1022 1058 1044 contra
1069 1024 1120 1043 eos
1131 1013 1296 1055 expeditio,
1310 1020 1422 1051 sumta,

904 1055 970 1086 ibid
1009 1056 1040 1086 in
1062 1055 1246 1086 Salaminem
1261 1056 1419 1096 quomodo

905 1098 1090 1134 transierint,
1114 1098 1154 1129 ix.
1168 1102 1196 1129 6.
1220 1099 1420 1129 Atheniensi-

904 1150 959 1170 um
969 1140 1083 1182 legatio
1092 1142 1233 1181 Spartam
1240 1141 1340 1177 missa,
1349 1142 1422 1172 ix.·7.

313 1192 367 1221 tae,
392 1185 454 1214 viii.
470 1187 521 1215 61.
545 1183 761 1214 Atheniensib.
783 1183 826 1214 le·
846 1182 973 1213 ‘Attica
996 1193 1139 1224 oppressa
1161 1193 1179 1212 a
1202 1183 1372 1220 Pisistrato,
1402 1184 1422 1214 i.

312 1238 368 1268 ges
382 1237 400 1257 a
414 1226 526 1257 Solone
542 1225 630 1256 cond.
653 1225 672 1256 i.
687 1229 736 1256 29.
758 1236 827 1255 eor·
845 1208 849 1251 l

312 1280 369 1299 um
384 1279 494 1300 uxores
512 1278 643 1298 uxorem
669 1275 700 1298 et
715 1267 827 1299 liberos

312 1311 442 1352 Lycidae
468 1309 620 1352 lapidibus
645 1310 825 1346 obruerunt,

312 1362 383 1395 post
406 1354 554 1384 obrutum
580 1363 598 1382 a
622 1352 683 1383 suis
708 1352 826 1383 maritis

312 1396 477 1437 Lycidmn,
501 1395 540 1426 ix.
554 1399 583 1426 5.
614 1405 721 1425 earum
736 1395 828 1425 vestis

311 1438 458 1475 mutatio,
471 1448 501 1468 v.
514 1441 564 1468 87.
585 1437 703 1468 Athen.
718 1447 827 1467 uxores

311 1491 331 1511 a
369 1480 504 1522 Pelasgis
528 1487 638 1520 captae,
673 1479 723 1510 vii.
759 1483 828 1510 138.

311 1522 551 1554 Atheniensium
579 1530 776 1563 prytaneum,
808 1522 827 1552 i.

313 1569 386 1596 146·
424 1564 546 1606 quando
578 1564 718 1594 tribuum
743 1564 826 1605 apud

311 1618 365 1640 eos
379 1607 505 1638 nomina
514 1605 632 1636 fuerint
650 1606 824 1642 immutata,

309 1661 344 1681 v.
367 1654 418 1681 69.
457 1648 697 1680 Atheniensium
731 1659 825 1690 pane-

311 1692 426 1734 gyries,
449 1691 490 1722 vi.
507 1694 576 1721 111.
595 1701 755 1731 nunquam
775 1702 824 1720 so-

312 1734 379 1766 lum
393 1741 564 1769 mutarunt,
585 1732 603 1762 i.
618 1737 667 1763 56.
688 1733 740 1763 vii.
756 1736 824 1763 161.

308 1787 423 1807 eorum
449 1786 520 1806 cum
542 1774 736 1815 NIitylenaeis
766 1786 824 1816 pu-

311 1829 384 1860 gna,
400 1830 429 1849 v.
439 1822 488 1850 94.
498 1818 615 1848 reditus
628 1817 774 1848 metallici
787 1828 824 1848 ex

311 1863 449 1897 Laureo,
462 1860 513 1890 vii.
530 1863 598 1889 144.
619 1859 674 1889 sub
689 1861 827 1900 tyrannis

310 1903 440 1939 infirmi,
468 1913 497 1933 v.
510 1906 560 1933 68.
575 1905 626 1933 91.
644 1902 672 1941 §.
686 1904 715 1932 7.
738 1904 827 1933 Grae-

315 1956 425 1976 corum
450 1944 645 1986 praestantiss.
667 1945 686 1974 i.
700 1947 751 1975 56.
775 1955 828 1986 pe-

313 1988 367 2019 riti
391 1988 421 2018 in
444 1987 641 2028 oppugnand.
658 1987 766 2023 muris,
792 1987 830 2017 ix.

315 2035 367 2062 70.
417 2029 564 2071 Tegeatis
593 2029 831 2070 praestantiores,

315 2072 380 2103 viii.
406 2075 459 2108 27,
483 2075 533 2101 228.
576 2082 647 2101 cum
671 2071 830 2112 AEginetis

314 2121 412 2157 gesta,
429 2117 519 2149 v.48,
531 2120 579 2143 etc.
594 2114 634 2143 vi.
648 2117 699 2148 49,
715 2121 763 2143 etc.
780 2117 832 2150 87,

314 2157 368 2189 vii.
385 2159 453 2187 145.
475 2156 505 2186 in
521 2155 702 2186 Atheniens.
725 2162 755 2185 et
771 2157 830 2186 AE-

313 2200 491 2242 ginetarum
507 2197 648 2239 praesidio
662 2208 746 2227 mare
759 2208 830 2227 con-

315 2251 366 2274 tra
381 2243 527 2272 Xerxem.
543 2240 593 2270 vii.
607 2244 676 2270 203.
696 2239 830 2270 Atheni-

312 2295 401 2315 enses
434 2283 464 2312 in
490 2293 595 2323 pugna
624 2282 724 2312 navali
750 2293 829 2322 pra*-

314 2326 445 2358 stantiss.
455 2334 522 2367 post
529 2324 703 2365 AEginetas,
712 2324 828 2355 viii.93.

315 2371 501 2400 Graecorum
510 2367 706 2411 praestantiss.
722 2377 827 2410 pugna

905 1229 957 1256 59.
989 1225 1131 1255 Atticam
1159 1233 1268 1265 quater
1293 1226 1422 1268 ingressi

907 1269 1019 1304 Dores,
1034 1279 1064 1297 v.
1077 1270 1127 1298 76.
1141 1267 1258 1298 Atticae
1273 1278 1421 1309 magnam

907 1318 1030 1352 partem
1040 1317 1160 1340 vastant
1173 1312 1286 1347 Persae,
1299 1312 1339 1341 vi.
1352 1314 1421 1342 102.

906 1352 1016 1383 Attica
1043 1351 1144 1382 multo
1169 1352 1267 1393 magis
1303 1352 1343 1383 ad
1367 1363 1421 1384 au-

908 1402 1008 1425 strum
1031 1394 1133 1435 vergit
1154 1403 1247 1435 quam
1271 1396 1421 1432 Lemnus.

907 1438 948 1468 vi.
967 1441 1037 1468 139.
1066 1436 1175 1467 Attica
1197 1437 1284 1477 regio
1306 1448 1367 1468 non
1389 1449 1422 1469 e-

908 1478 1074 1520 quitabilis,
1092 1479 1130 1509 ix.
1148 1482 1195 1509 13.
1215 1479 1325 1510 Attica
1337 1491 1425 1521 gens,

908 1521 1078 1563 Pelasgica,
1108 1522 1139 1551 in
1167 1521 1315 1552 Hellenes
1338 1530 1423 1554 tran-

907 1565 995 1600 siens,
1041 1563 1180 1605 linguam
1220 1563 1423 1606 Pelasgorum

906 1606 1053 1648 perdidit,
1078 1606 1096 1636 i.
1111 1608 1162 1636 57.
1204 1606 1333 1637 Atticus
1356 1618 1424 1639 me-

907 1648 1043 1684 dimnus,
1068 1648 1089 1678 i.
1107 1652 1176 1679 192.
1189 1648 1365 1681 medimnus
1378 1650 1424 1681 fa.

904 1691 991 1727 rinae,
1005 1704 1055 1721 non
1068 1693 1170 1732 adjecto
1181 1692 1276 1721 vocab.
1287 1693 1424 1729 Atticus,

904 1733 945 1764 vi.
965 1735 1015 1764 57.
1055 1732 1234 1763 Atticarum
1258 1734 1431 1767 mulierum.

904 1775 1014 1812 caedes,
1027 1775 1068 1805 vi.
1084 1778 1151 1805 138.

864 1817 969 1849 Athos
989 1827 1090 1854 mons,
1111 1817 1153 1847 vi.
1166 1821 1216 1847 44.
1244 1826 1276 1849 et
1299 1822 1351 1856 95,
1375 1820 1427 1851 vii.

908 1863 958 1890 21.
1001 1860 1068 1901 ejus
1094 1859 1270 1902 descriptio,
1298 1862 1350 1892 vii.
1375 1867 1426 1893 22.

910 1902 989 1932 circa
1025 1901 1136 1932 Athon
1171 1901 1291 1943 jactura
1327 1904 1425 1936 classis

912 1944 1054 1981 Persicae,
1068 1944 1110 1974 vi.
1127 1948 1176 1974 44.
1191 1952 1222 1976 et
1238 1949 1288 1977 95.
1309 1947 1362 1977 vii.
1375 1951 1426 1978 21.

912 1986 1038 2017 effossus
1053 1997 1070 2016 a
1083 1989 1245 2018 Persarum
1257 1989 1360 2031 copiis,
1374 1989 1425 2021 vii.

912 2032 963 2065 21,
977 2036 1024 2059 etc.
1042 2033 1109 2059 122.

870 2071 987 2102 Athres
997 2071 1120 2107 fluvius,
1130 2071 1170 2102 iv.
1185 2075 1235 2104 49.

869 2112 1069 2144 Athribitana
1083 2114 1185 2155 plaga,
1199 2114 1227 2144 ii.
1243 2118 1312 2146 166.

869 2155 960 2186 Atlas
973 2155 1095 2192 fluvius,
1111 2157 1151 2186 iv.
1165 2161 1215 2188 49.

869 2197 960 2229 Atlas
982 2208 1078 2232 mons,
1110 2198 1152 2228 iv.
1176 2202 1245 2230 184.
1285 2201 1351 2242 ejus
1372 2200 1425 2231 de-

911 2240 1045 2280 scriptio,
1068 2240 1137 2271 ibid.

869 2281 1013 2312 Atlantes
1028 2283 1167 2313 homines
1181 2283 1361 2314 innominati
1372 2295 1425 2315 eo-

908 2334 1040 2365 rumque
1050 2325 1223 2367 descriptio,
1237 2326 1277 2358 iv.
1292 2330 1425 2358 184411»

909 2367 947 2398 de
964 2366 1037 2398 dicti
1047 2389 1056 2405 ‚
1070 2366 1144 2398 ibid.
