1553 2739
582 308 818 343 INDEX.
1252 309 1272 336 3

124 400 238 433 AEacus
253 409 284 432 et
299 400 427 443 AEgina,
445 398 486 432 vi.
500 402 551 431 85.

120 447 237 477 AEacus
249 451 281 475 et
296 428 435 475 AEacidae
449 453 466 473 a
481 442 573 474 classe
587 444 678 473 Grae-

163 497 271 518 corum
306 486 498 521 invocantur,
541 485 603 515 viii
628 489 678 516 64.

162 529 255 560 AEaci
276 527 394 565 fanum,
414 539 442 558 v.
458 531 508 559 89.
538 527 677 558 AEacidae

163 571 202 602 ab
218 570 385 612 AEginetis,
405 569 563 601 Thebanis
583 570 676 606 missi,

163 625 194 644 v.
208 617 258 644 80.
271 613 333 644 viii.
347 617 396 644 84.

122 656 222 688 AEdes
244 655 375 687 Veneris
407 655 439 685 in
461 656 569 695 Cypro
595 654 676 684 unde

163 705 313 734 extructa,
351 697 370 728 i.
395 701 465 728 105.
506 697 677 733 Minervae,

162 740 226 770 viii
240 744 290 771 39.
312 740 429 776 Protei,
448 739 530 769 dicta
545 739 674 769 Veneris

162 783 218 813 hos
207 782 303 824 pitae,
325 782 356 812 ii.
384 786 451 812 112.
482 781 665 817 Vulcani‚u

166 828 234 855 110.
277 824 407 855 deorum
444 830 475 854 et
511 823 673 854 hominum

163 866 315 909 ligneae‚'
306 878 347 897 iv.
373 870 443 904 108,
465 865 595 897 fulmine
620 865 673 897 ab·

161 917 305 951 sumptae,
317 909 358 939 iv
372 913 423 941 79.

122 952 261 984 AEdificii
274 959 438 988 structura,
460 950 492 981 in
508 960 569 991 quo
584 961 673 992 repo-

163 994 229 1026 sitae
243 1001 330 1024 erant
353 994 448 1036 reg-iae
473 993 622 1035 pecuniae,
644 994 674 1023 11

165 1040 236 1067 121-

120 1078 267 1113 AEdifieio
292 1089 337 1109 ex
366 1077 443 1108 urbe
468 1077 672 1119 Elephantina

159 1120 317 1152 afferendo
338 1121 507 1151 triennium
532 1131 602 1151 cons
605 1131 673 1150 um-

159 1171 252 1206 ptum
265 1163 296 1193 ii.
312 1166 380 1194 175.
395 1170 426 1193 et
441 1163 505 1203 ejus
520 1173 555 1193 ex
576 1162 672 1193 ostido

159 1217 230 1237 saxo
244 1205 418 1246 descriptio,
431 1204 504 1235 ibid.
517 1213 543 1234 et
556 1219 579 1235 s
572 1218 610 1245 οφ

118 1247 302 1280 AEdificium
328 1247 489 1278 Zalmoxis
517 1247 580 1278 sive
610 1249 672 1278 Za-

158 1290 269 1322 molxis
282 1289 555 1326 subterraneum,
547 1300 587 1320 lv.
602 1293 650 1321 95.

117 1333 264 1365 AEdificia
278 1332 419 1363 humanis
441 1331 585 1374 operibus
607 1343 671 1362 ma—

157 1376 234 1417 jora,
251 1375 281 1405 ii.
297 1379 366 1405 148.

110 1420 203 1459 ffga
218 1417 302 1454 urbs,
315 1417 366 1447 vii.
383 1420 453 1446 1‘22.

116 1463 211 1502 AEgae
234 1470 294 1490 una
319 1470 356 1490 ex
379 1458 516 1502 partibus
537 1459 672 1490 Achaeo-

158 1514 240 1538 rum,
254 1503 274 1534 i.
292 1504 359 1533 145.

117 1547 241 1587 AEgaeae
256 1545 363 1576 civitas
376 1543 552 1580 AEolurrui.
570 1547 638 1575 149.

105 1589 268 1630 1AEgaeum
282 1597 378 1623 mare,
390 1587 431 1617 iv.
445 1589 494 1617 85.

119 1629 269 1672 AEgaleus
282 1640 380 1666 mons,
395 1629 476 1659 unde
487 1630 606 1659 Xerxes
620 1638 672 1678 ¹¹5²?

160 1672 262 1703 valem
276 1682 414 1715 pugnam
429 1670 643 1713 spectabat‚vi

121 1759 363 1798 AEgestanorum
378 1766 483 1798 pugna
498 1766 568 1786 cum
584 1756 673 1798 Spar-

165 1800 242 1830 tanis
256 1798 394 1834 ducibus,
411 1810 440 1829 v.
454 1802 504 1829 46.

116 1844 243 1883 AEgeus
266 1841 428 1872 Pandionis
451 1841 531 1871 filius
552 1842 579 1870 L
552 1851 675 1881 ycum

164 1884 292 1914 fratrem
308 1883 442 1913 Athenis
455 1882 551 1924 pellit,
568 1883 587 1912 i.
609 1886 674 1913 1753.

125 1929 254 1974 AEgeus,
278 1925 400 1966 Ololyci
425 1925 468 1956 fil.
492 1925 573 1955 unde
585 1924 676 1966 AEgi-

167 1969 252 2005 dae‚'
245 1979 285 1998 iv.
303 1972 370 1999 149.

125 2011 328 2053 AEgialenses,
348 2009 446 2040 tribus
468 2008 617 2050 Sicyonia,
639 2008 676 2039 ab

167 2053 294 2094 AEgialo
308 2052 435 2084 Adrasti
450 2051 524 2088 filio,
544 2063 572 2082 v.
587 2055 636 2083 68.

125 2095 282 2137 AEgialees
299 2095 428 2136 Pelasgi,
445 2095 495 2124 vii.
511 2099 560 2126 93.

126 2138 290 2179 AEgicores
305 2138 384 2168 lonis
398 2137 487 2173 filius,
505 2148 532 2167 v.
546 2141 596 2167 66.

126 2180 252 2221 AEgidae
270 2180 299 2210 in
316 2182 424 2222 Sparta
450 2180 556 2218 ingens
572 2179 682 2215 tribus,

171 2233 188 2252 a
203 2232 264 2263 quo
282 2222 373 2259 dicta,
389 2222 428 2252 iv.
447 2225 513 2253 149.

759 396 909 441 palmulas
936 397 1111 440 decerpant,
1132 397 1173 429 iv.
1199 400 1270 434 172,

761 445 829 472 182.

716 483 852 526 AEgilea,
881 484 1064 525 Styreorum
1093 482 1201 521 insula,
1229 482 1271 514 vi.

760 530 828 557 107-

714 568 833 610 AEgilia
848 568 926 599 circa
941 568 1105 605 Eretriam,
1122 568 1162 599 vi.
1179 571 1248 599 101.

714 611 831 652 AEgina
845 619 876 641 et
891 613 1017 646 AEacus,
1033 611 1073 641 vi.
1088 614 1139 642 35.

713 654 831 695 AEgina
850 660 882 684 et
895 653 1016 690 Thebe,
1043 664 1170 691 sorores,
1195 652 1268 684 filiae
1280 683 1287 686 ,

754 696 863 737 Asopi,
879 707 909 726 v.
924 699 974 726 80.

711 738 872 780 AEginetae
894 749 948 768 cur
964 737 1072 769 Samiis
1086 737 1206 774 infensi,
1227 737 1268 769 iii.

752 784 803 812 59.
818 781 934 811 Samios
949 789 983 810 ut
992 780 1181 817 mulctarint‚
1195 780 1268 811 ibid.

752 823 926 864 Epidauriis
953 823 1111 864 quondam
1141 823 1265 859 subditi,

752 877 782 896 v.
796 869 846 895 83.
875 876 984 895 eorum
1006 865 1037 895 in
1059 865 1268 896 Athenienses

752 908 815 938 odii
829 907 1028 950 principium,
1040 918 1070 937 v.
1085 912 1134 939 89.
1148 916 1264 938 terram

752 958 783 980 et
806 960 917 992 aquam
934 950 1031 980 Dario
1054 951 1138 987 dant,
1161 951 1202 981 vi.
1217 955 1267 982 49.

752 993 834 1023 unde
855 992 987 1022 infensos
1001 992 1115 1023 habent
1129 993 1264 1024 Atheni-

751 1045 846 1072 enses,
867 1042 898 1065 et
921 1035 1002 1075 apud
1025 1038 1166 1077 Spartam
1193 1036 1265 1066 insi-

751 1077 909 1108 mulantur
923 1077 994 1107 ibid.
1016 1086 1182 1119 contraque
1199 1079 1265 1120 ejus

751 1120 797 1150 rei
835 1128 957 1150 autores
999 1121 1135 1150 mittitur
1171 1121 1264 1152 Cleo-

751 1173 866 1197 menes,
887 1162 928 1192 vi.
949 1166 998 1193 50.
1020 1163 1169 1203 primores
1184 1163 1265 1204 ipso-

752 1215 822 1234 rum
845 1204 957 1234 dantur
988 1204 1107 1235 obsides
1129 1205 1264 1236 Atheni·-

752 1247 884 1283 mnibus,
914 1247 954 1277 vi.
976 1251 1024 1278 73.
1056 1258 1164 1277 eorum
1191 1259 1264 1279 cum

752 1289 993 1320 Atheniensibus
1024 1289 1203 1327 simultates,
1234 1303 1265 1322 v.

753 1336 802 1362 852.
825 1331 966 1373 undeque
982 1340 1071 1369 ortae,
1092 1343 1120 1362 v.
1135 1336 1185 1369 8⁶2,
1211 1337 1262 1370 83,

752 1373 840 1405 etaa'n
863 1374 899 1404 iis
916 1374 1009 1405 illatae
1023 1374 1264 1406 Atheniensibus

751 1417 883 1458 injuriae,
901 1417 942 1446 vi.
956 1421 1005 1447 87.
1027 1417 1137 1447 auxilia
1151 1429 1263 1459 rogan-

752 1469 804 1489 tur
826 1470 844 1489 a
857 1459 1015 1490 'l'hebanis
1040 1467 1147 1490 contra
1160 1460 1263 1491 Athe-

752 1502 878 1538 aienses,
893 1513 922 1531 v.
933 1505 984 1538 80,
997 1505 1046 1531 81.
1060 1501 1098 1532 ab
1110 1502 1145 1532 iis
1154 1510 1264 1534 statuae

751 1544 891 1585 repetitae
917 1554 972 1585 per
994 1544 1208 1582 Athenienses,
1234 1557 1265 1576 v.

752 1590 802 1616 84.
818 1587 898 1617 circa
907 1587 1070 1628 AEginetas
1084 1595 1114 1617 et
1129 1587 1264 1619 Atheni-

752 1640 836 1659 enses
851 1637 929 1666 acta,
953 1629 1026 1660 ibid.
1040 1637 1065 1659 et
1078 1643 1132 1671 seq.
1153 1640 1265 1661 eorum

753 1671 846 1713 legati
883 1679 990 1702 contra
1025 1673 1264 1712 Leutychidem,

755 1716 896 1755 Spartam
915 1714 1008 1751 missi,
1029 1715 1070 1745 vi.
1085 1718 1134 1746 85.
1155 1726 1264 1746 eorum

754 1756 920 1798 piaculum,
967 1757 1175 1788 maximorum
1220 1758 1263 1788 eis

755 1809 787 1829 m
790 1799 909 1828 alornm
941 1810 1040 1836 causa,
1070 1800 1112 1831 vi.
1135 1804 1184 1832 91.
1227 1800 1266 1831 ab

754 1840 995 1872 Atheniensibus
1026 1842 1125 1873 naxali
1157 1843 1266 1891 proelio

754 1883 840 1919 11ς11,
854 1883 893 1913 11.
909 1888 957 1915 9².
979 1885 1220 1924 praestantissimi
1235 1886 1266 1915 in

755 1936 861 1973 pugna
886 1936 962 1956 nave
956 1925 987 1956 11
1011 1934 1116 1957 contra
1132 1929 1271 1964 Persam,

755 1971 875 1998 v111.93
890 1978 995 1998 aureas
1009 1969 1108 1999 stellas
1123 1976 1185 2000 tres
1200 1981 1271 2011 quae

756 2020 847 2051 super
878 2010 994 2040 malum
1035 2012 1120 2042 navis
1153 2023 1268 2042 aereum

757 2060 826 2083 sunt
847 2052 977 2093 Delphis
998 2053 1189 2092 dedicarunt,
1210 2054 1273 2085 viii.

760 2095 980 2125 12¹2.unde'1is
994 2096 1171 2127 divitiarum
1187 2097 1271 2139 prin-

759 2137 882 2179 cipium,
899 2137 937 2168 ix.
952 2141 1002 2169 79.
1023 2139 1058 2169 iis
1072 2139 1233 2170 tumulus
1226 2151 1271 2181 ip-

759 2190 862 2210 sorum
878 2188 989 2222 rogatu
1005 2189 1146 2217 structus,
1170 2192 1187 2211 a
1202 2193 1274 2223 quo,

761 2230 791 2252 et
808 2233 872 2259 cur,
893 2230 924 2253 et
940 2224 1094 2263 quando,
1086 2235 1124 2254 ix.
1139 2228 1189 2254 84.

128 2265 245 2306 AEgila,
280 2265 342 2295 sive
371 2263 487 2305 AEgsse,
528 2263 612 2294 locus
643 2263 681 2293 ad
721 2265 934 2305 AEgineticum
971 2265 1086 2295 bellum
1123 2277 1195 2298 cum
1227 2268 1273 2299 A·

168 2317 263 2348 quem
288 2309 475 2340 Nasamones
494 2307 622 2338 veniunt
649 2314 682 2336 ut

764 2307 980 2344 theniensibus,
1003 2308 1052 2338 vii.
1071 2312 1136 2341 144.

975 2361 992 2381 a
1012 2354 1031 2380 2
