1553 2739
407 710 599 753 NOTAE
621 709 691 751 IN
714 709 948 752 LIBRUM
968 708 1052 750 IX.

171 978 250 1019 Pag.
263 978 292 1007 7.
305 977 325 1007 l.
340 979 369 1008 7.
383 974 504 1006 Λυκίδεω
519 974 715 1017 seminum]
730 974 816 1006 Idem
831 974 855 1006 si
868 974 969 1005 fatum
983 981 1053 1005 ante
1068 973 1175 1005 decem
1189 984 1311 1006 menses

172 1019 308 1050 subierat
321 1018 470 1060 Cyrsilus,
482 1018 599 1050 mirum
621 1025 666 1048 est
686 1017 778 1059 hujus
799 1017 942 1059 exemplo
961 1027 1024 1047 non
1045 1016 1135 1048 fuisse
1155 1017 1310 1058 Lycidam

171 1061 366 1093 deterritum.
408 1062 555 1102 Ignotum
578 1062 729 1097 Herodoto,
748 1060 852 1101 plures
866 1059 1024 1100 Cyrsilum
1043 1067 1312 1098 commemorant;

172 1115 246 1136 cum
257 1103 477 1134 Themistoclis
490 1114 578 1134 suasu
587 1110 756 1134 statuerent
767 1103 974 1133 Athenienses
987 1110 1017 1133 ut
1027 1103 1093 1133 urbe
1101 1105 1199 1134 relicta
1206 1120 1250 1127 ——
1257 1116 1311 1133 na-

172 1161 222 1177 ves
235 1149 446 1182 conscenderent,
457 1163 501 1169 ·-
519 1148 658 1188 Cyrsilum
672 1147 825 1186 quemdam,
837 1148 991 1175 suadentem
1007 1147 1074 1176 utin
1085 1146 1152 1177 urbe
1161 1152 1316 1181 manerent,

173 1192 345 1231 Xerxenquc
358 1191 519 1229 reciperent,
531 1190 668 1231 lapidibus
697 1189 864 1218 obruerunt:
888 1187 929 1218 sic
951 1187 1055 1218 scribit
1080 1189 1174 1219 Cicero
1195 1188 1234 1219 de
1249 1187 1314 1219 Off·

174 1242 230 1268 111,
243 1243 269 1263 c.
283 1242 327 1262 11.
342 1232 566 1261 Demonsthenem
580 1238 727 1272 sequutus
748 1230 787 1261 de
810 1232 884 1262 Cor.
903 1240 933 1272 p.
957 1233 1025 1261 174.
1039 1241 1076 1261 ex
1098 1241 1160 1271 quo
1175 1230 1316 1272 Cyrsilus

173 1274 308 1305 innotuit
331 1275 566 1316 Harpocrationi,
587 1274 759 1314 Hermogeni
779 1283 809 1314 p.
829 1276 902 1303 448.
922 1271 998 1304 aliis.
1048 1274 1148 1304 Caute
1170 1275 1315 1305 Aristides

172 1327 274 1358 neque
297 1316 454 1358 Cyrsilum
475 1316 615 1347 nominat
634 1325 691 1346 nec
714 1315 876 1356 Lycidam,
899 1314 962 1346 duo
983 1323 1088 1346 tamen
1110 1315 1256 1353 diversos,
1278 1322 1316 1347 ut

151 1391 156 1394 ,
174 1367 264 1401 puto,
278 1359 448 1401 designanti,
464 1359 517 1400 qui
532 1369 595 1389 non
608 1356 766 1388 simillimo
780 1358 890 1388 mortis
903 1368 1017 1400 genere
1033 1357 1181 1399 perierint
1193 1371 1200 1388 ε
1224 1358 1264 1389 de
1277 1357 1317 1389 il-

173 1403 216 1438 lo,
232 1401 286 1443 qui
301 1402 479 1432 Demostheni
493 1401 606 1432 dicitur
621 1400 771 1441 Cyrsilus,
784 1400 815 1430 in
831 1400 1000 1431 Panathen.
1020 1401 1061 1431 T.
1076 1411 1098 1431 1.
1112 1410 1142 1441 p.
1156 1404 1226 1432 243.
1242 1403 1317 1433 {⁶121-

177 1443 211 1477 δή
225 1458 268 1478 τις
284 1446 440 1484 ἒτολμησεν
456 1445 550 1480 εἰπεῖν,
566 1445 600 1478 ὣς
615 1444 676 1486 χρὴ
691 1445 864 1486 συγχωρεῖν,
887 1445 970 1474 αὐτοὶ
990 1444 1040 1483 μὲν
1063 1444 1159 1479 (therby,
1173 1444 1205 1473 ai
1218 1442 1245 1474 δὲ
1261 1457 1316 1483 ’γυ-

177 1490 268 1521 ναῖκες
284 1488 335 1520 τὴν
350 1489 476 1526 γυναῖκα
491 1487 656 1517 ἐπελθοῦσαι
670 1484 817 1528 διέφθειραν
828 1487 859 1516 ἐι
873 1487 977 1528 χειξῦς·
992 1485 1054 1516 illic
1068 1486 1099 1516 in
1112 1486 1202 1516 Schol.
1214 1487 1320 1518 MSS.

178 1529 319 1571 Cyrsilus
331 1536 468 1560 vocatur.
509 1530 560 1559 De
574 1527 709 1559 Athenis
723 1539 818 1569 agens
831 1530 974 1559 Aristides
988 1528 1121 1559 secunda
1133 1528 1202 1559 vice
1213 1528 1322 1570 captis,

178 1573 334 1613 missoque
347 1571 387 1602 ad
401 1571 608 1602 Athenienses
622 1571 652 1600 in
667 1569 822 1601 Salamina
834 1570 947 1601 nuncio
960 1571 1001 1602 T.
1016 1582 1069 1602 111.
1083 1582 1113 1612 p.
1133 1573 1204 1602 856.
1224 1571 1320 1605 ἐπειδή

179 1629 223 1650 τις
239 1614 313 1646 εἶπεν
326 1617 351 1646 ἐν
366 1616 404 1656 τῇ
413 1617 505 1656 βουλῇ
518 1613 662 1654 δέχεσθαι,
684 1613 874 1653 συλλεγέντες
899 1615 1004 1648 πάντες
1032 1614 1211 1644 κατέλευσαν
1235 1615 1321 1645 αὐτοὶ

177 1658 230 1698 μὶν
244 1657 387 1694 at'eaevioea‘
400 1655 426 1686 δὲ
443 1659 574 1696 γυναῖκες
591 1657 642 1689 τὴν
663 1658 790 1695 »γυναῖκα
804 1657 900 1686 αὐτοῦ·
914 1655 974 1687 hoc
996 1655 1039 1686 ibi
1055 1657 1179 1687 Scholion
1198 1656 1321 1698 praebet

182 1699 262 1734 Cod.
277 1701 355 1731 MS.
369 1699 408 1729 ad
421 1697 536 1732 Ἐπειδῆ
551 1712 592 1733 τις
609 1698 685 1740 εἷπε]
702 1701 838 1741 linem-&03
854 1700 938 1729 καις-αὶ
952 1699 1133 1739 Δημοσθένην·
1145 1699 1228 1742 ὅγὰς
1240 1700 1322 1742 ‘Heo-

180 1741 258 1776 δοτος
273 1741 394 1775 ’Λυκίδην
407 1742 493 1772 aba-bv
508 1744 604 1773 καλεῖ.
646 1741 838 1771 Demosthenes
853 1741 980 1782 quidem
994 1749 1026 1772 et
1041 1742 1149 1772 Herod.
1163 1741 1202 1772 de
1218 1741 1324 1773 diver-

181 1785 221 1816 sis
234 1784 404 1826 loquuntur
413 1791 594 1826 temporum
607 1783 761 1821 articulis;
782 1794 846 1814 non
860 1791 947 1815 tanta
959 1791 1064 1815 tamen
1078 1783 1162 1825 apud
1185 1794 1236 1815 me
1251 1795 1324 1816 auc-

179 1827 289 1858 toritas
303 1835 348 1858 est
363 1829 510 1863 Ariffidae,
525 1833 559 1857 ut
575 1828 782 1857 Demosthenem
797 1826 827 1856 in
843 1837 876 1856 re
888 1834 957 1857 tum
970 1826 1127 1857 notissima
1142 1827 1255 1857 erroris
1269 1837 1324 1858 au-

184 1870 242 1900 sim
257 1880 400 1911 arguere,
413 1870 497 1911 quod
509 1868 584 1900 fecit
600 1871 637 1899 G.
655 1870 768 1899 canter.
779 1870 820 1900 N.
834 1871 872 1899 L.
886 1880 949 1906 vn,
963 1880 989 1900 c.
1002 1874 1032 1899 4.
1073 1871 1263 1900 VALCKEN.

226 1914 301 1952 Pag.
316 1913 375 1943 9.l.
391 1916 438 1943 14.
450 1912 508 1942 Δία.
523 1925 554 1942 τε
569 1911 730 1953 Ἑλλήνων]
746 1911 832 1942 Jovis
850 1912 1048 1945 Πανελληνίου
1062 1912 1144 1952 apud
1158 1912 1325 1952 AEginetas

183 1963 216 1986 et
230 1954 437 1986 Athenienses
450 1953 550 1984 cuitus
564 1953 595 1984 in
607 1956 756 1984 Pausania
766 1953 818 1984 fin.
828 1953 917 1984 Libri
928 1954 1021 1996 primi
1032 1966 1040 1991 ;
1065 1960 1258 1985 EAAANION
1268 1965 1325 1985 no-

183 1997 229 2028 vit
244 1999 389 2027 Pindarus
403 2004 435 2027 et
450 1998 710 2037 Syracusanorum
726 1996 829 2033 numi,
849 1995 888 2026 de
910 1996 1021 2037 quibus
1037 1996 1084 2028 Cl.
1105 1998 1326 2039 Havercampus

183 2040 223 2070 ad
239 2042 358 2070 Parutae
373 2038 454 2070 Sicil.
466 2039 620 2070 Numism.
634 2050 665 2081 p.
678 2043 749 2070 343.
791 2041 825 2069 In
837 2039 944 2070 vicinis
955 2040 1041 2070 ἀλλὰ
1054 2040 1242 2079 ἀπειπάμεθα
1253 2050 1327 2080 gra-

183 2082 252 2113 vius
273 2089 306 2112 et
326 2081 497 2124 elegantius
517 2081 633 2123 legenti
654 2081 775 2118 accidit,
797 2081 986 2122 suadentque
1007 2081 1206 2112 membranae.
1251 2083 1327 2113 Hoc

183 2124 325 2166 amplius,
341 2126 393 2155 καιὶ
407 2125 441 2155 τὸ
453 2126 503 2164 μὲν
523 2125 575 2155 ἀπ’
590 2125 680 2163 ἡμέων
701 2124 776 2156 οὕτω
889 2135 907 2155 a
923 2127 1065 2155 Gronovio
1079 2135 1113 2155 ac
1130 2126 1226 2154 Pavio
1243 2134 1328 2155 sum-

184 2178 241 2197 mo
253 2168 322 2208 jure
336 2166 488 2203 laudatur,
501 2166 582 2197 idem
598 2167 726 2207 quidem
740 2177 774 2197 ac
792 2168 829 2197 τὲ
837 2168 887 2206 μὲν
909 2167 1048 2209 ἡμέτερον,
1070 2167 1124 2197 sed
1144 2166 1266 2197 suavius
1280 2174 1328 2197 at-

185 2220 246 2250 que
268 2220 305 2240 ex
326 2209 472 2240 interiore
486 2212 634 2239 sermonis
651 2221 716 2240 usu.
759 2210 853 2249 Quod
874 2218 979 2240 autem
1001 2209 1106 2240 aderat
1127 2208 1327 2250 participium

186 2253 234 2282 ἰὸν.
247 2262 328 2293 saepe
343 2252 491 2293 Scriptori
506 2251 537 2281 in
552 2251 678 2287 deliciis,
691 2252 793 2282 abesse
809 2252 962 2283 Codicum
974 2252 1057 2293 jussu
1080 2259 1202 2292 potest3
1224 2261 1326 2292 neque

186 2293 237 2325 hic
252 2294 508 2330 criminationem,
521 2293 553 2324 in
570 2294 624 2323 Th.
648 2296 765 2324 Galeam
788 2294 981 2329 intentatam,
1003 2300 1122 2330 metuo,
1143 2294 1259 2335 quippe
1280 2301 1327 2324 te-

185 2336 350 2366 merariam
364 2335 462 2366 valde.
505 2337 653 2367 Ceterum
675 2337 788 2376 νέμεται
810 2338 856 2367 ἐστὶ
874 2351 936 2370 τους
946 2338 1095 2371 Ἓλληνας
1111 2340 1140 2368 in
1158 2338 1268 2367 Graecos
1283 2338 1328 2367 in-

179 2381 315 2421 penditur
329 2379 392 2410 sive
406 2379 594 2415 distribuitur,
609 2378 688 2411 bene
704 2381 819 2411 Porsus.
843 2381 957 2410 VVESS.
