1553 2739
581 290 702 337 er1>
724 290 750 320 E
774 290 816 321 x.

127 377 323 410 Atlanticum
337 376 457 414 mare,i
480 380 550 408 203.

127 424 250 457 Atussa,
265 419 428 461 Cambysis
439 429 524 450 soror
533 426 564 450 et
580 420 683 449 Smer-

170 464 227 500 dis,
239 462 348 493 eadem
364 461 525 502 Cambysis
539 472 626 496 uxor,
652 469 682 491 et

170 505 266 547 magi,
293 513 363 546 post
378 505 478 540 Darii,
509 504 550 534 iii.
565 507 617 540 68,
642 507 682 533 88

170 548 236 589 ejus
261 547 346 577 ulcus
372 547 402 576 in
425 545 563 576 mamilla
588 547 683 576 aDe-

170 590 298 620 mocede
313 596 461 624 sanatum,
477 589 517 618 iii.
534 592 603 624 133,
617 591 684 618 134.

171 632 311 674 potentia
335 632 400 672 ejus
424 631 507 672 apud
541 631 683 666 Darium,

169 675 222 705 vii.
236 679 265 704 3.

126 716 358 757 Atramyttium
373 714 456 751 urbs,
477 714 528 745 vii.
542 719 592 745 42.

128 759 264 794 Atridae,
277 758 327 789 vii.
343 761 394 787 20.

127 801 299 842 Attaginus
322 799 527 831 Mardonium
543 798 685 830 convivio

171 843 284 884 excipit
313 842 439 878 Thebis,
465 842 503 872 ix.
532 845 578 871 15.
613 852 684 871 eum

170 885 228 916 sibi
251 885 321 915 dedi
337 884 447 915 volunt
469 884 571 914 Graeci
586 883 684 914 victo-

170 938 228 963 τες,
255 928 294 958 ix.
309 930 358 958 86.
391 927 454 968 ipse
470 925 620 968 profugit,
645 926 683 956 ix.

126 1012 245 1048 Attica,
269 1014 333 1042 vide
349 1017 416 1053 post
428 1009 565 1042 Athenae
591 1018 622 1041 et
636 1013 683 1042 A-

169 1054 353 1090 fflenienses,

125 1099 210 1138 Atys
226 1096 321 1128 Craesi
331 1095 421 1131 filius,
435 1094 608 1126 adolescens
621 1096 684 1126 exi-

169 1139 260 1175 mius,
280 1139 298 1168 i.
322 1142 374 1174 34,
396 1141 446 1169 35.
488 1138 552 1178 ejus
577 1138 684 1168 interi-

170 1189 229 1217 tus,
244 1181 263 1211 i.
277 1185 329 1212 43.

125 1225 221 1264 Atys,
243 1223 408 1264 Lydorum
434 1231 497 1258 rex,
525 1222 632 1252 Manis
647 1222 684 1253 fi-

168 1266 237 1303 lius,
260 1265 344 1306 Lydi
360 1272 391 1295 et
413 1264 571 1305 Tyrrheni
585 1274 684 1306 pater,

168 1308 188 1338 i.
202 1312 233 1345 7,
247 1312 294 1340 94.
318 1308 360 1338 vii
384 1311 432 1338 74.

127 1351 280 1383 Auchatae
293 1350 476 1390 Scytharum
489 1360 596 1391 genus,
604 1349 644 1379 iv.
656 1354 685 1381 6.

127 1396 231 1424 Auras
249 1400 280 1423 et
295 1392 386 1423 Atlas
410 1393 498 1422 fluvii
524 1403 561 1423 ex
577 1392 684 1423 Haemi

167 1435 250 1477 jugis
259 1435 399 1470 fluentes,
413 1435 452 1465 iv.
467 1439 516 1466 49.

124 1478 209 1511 Auri
227 1478 377 1518 majorem
392 1485 512 1518 partem
527 1477 684 1517 quomodo

168 1520 237 1550 Indi
251 1520 308 1550 sibi
323 1527 500 1560 comparent
514 1530 531 1549 a
540 1519 685 1555 formicis,

168 1563 210 1594 iii.
228 1566 296 1598 102,
322 1566 391 1598 103,
419 1565 487 1598 104,
512 1565 579 1592 105.
603 1561 683 1592 auri-

166 1605 273 1636 fodina
286 1604 485 1639 Thasiorum,
499 1604 539 1634 vi.
553 1608 603 1634 46.
617 1604 683 1634 auri

167 1657 285 1689 magna
299 1647 387 1688 copia
402 1647 433 1676 in
461 1647 687 1687 septentriona-

169 1689 249 1720 libus
268 1691 402 1730 Europae
425 1688 532 1730 plagis,
558 1689 598 1718 iii.
616 1692 684 1718 116.

169 1732 236 1763 auri
261 1738 401 1762 ramenta
415 1742 432 1761 e
446 1731 572 1767 Tmolo,
599 1731 618 1760 i.
634 1735 683 1762 93.

168 1775 235 1805 auri
259 1781 398 1804 ramenta
423 1784 440 1804 e
455 1773 589 1815 quodam
615 1773 681 1804 lacu

168 1825 205 1848 ut
220 1817 354 1858 virgines
378 1826 394 1846 e
410 1816 485 1847 limo
507 1815 684 1853 extrahunt,

168 1860 211 1891 iv.
238 1863 296 1890 195
344 1859 410 1888 auri
437 1858 587 1888 immensa
600 1858 646 1888 vis
665 1870 683 1889 a

169 1905 262 1944 Gyge
275 1900 407 1942 Delphis
430 1901 529 1931 dicata
543 1901 682 1931 nomina-

166 1951 219 1976 tur
235 1943 392 1986 Gygadas‚
403 1943 423 1973 i.
440 1947 485 1973 14.
508 1953 545 1974 ex
562 1953 637 1974 auro
651 1951 682 1974 et

167 1994 298 2029 argento
312 1985 365 2016 ubi
389 1986 526 2027 primum
549 1986 682 2027 percussi

165 2029 298 2065 nummi,
311 2028 330 2059 i.
345 2032 394 2060 94.
408 2029 473 2058 auri
485 2027 592 2058 creber
603 2039 683 2064 usus,

166 2072 199 2103 in
221 2071 315 2102 armis
338 2078 369 2101 et
395 2077 505 2101 ornatu
531 2081 682 2112 equorum

166 2114 251 2156 apud
265 2115 467 2155 Massagetas,
483 2113 501 2142 i.
517 2116 586 2144 215.
608 2124 683 2144 auro

167 2164 199 2188 et
215 2165 344 2198 argento
359 2155 504 2186 constrati
520 2155 601 2193 lecti,
616 2164 683 2186 ten·

167 2199 308 2240 toriaque
343 2198 456 2228 referta
491 2197 522 2227 in
548 2198 683 2228 exercitu

169 2243 254 2272 Pers.
276 2240 447 2276 Mardonii‚
471 2240 511 2271 ix.
525 2244 576 2270 80.
608 2251 684 2271 auro

167 2290 312 2316 oneratus
336 2282 513 2320 Alcmaeon,
550 2283 591 2314 vi.
616 2286 684 2314 125.

1239 294 1276 322 21

765 383 876 405 aurum
890 382 1010 404 sacrum
1024 373 1220 415 Scytharum,
1238 375 1286 408 iv.

764 420 794 448 7.
815 427 890 446 auro
903 426 1020 446 merces
1034 423 1070 447 ut
1083 425 1280 449 commutant

766 458 1033 500 Carthaginienses
1047 470 1118 489 cum
1127 459 1225 497 Affis,
1237 461 1280 491 iv.

766 505 825 533 196
877 511 988 531 aurum
1017 501 1071 531 vili
1101 510 1280 533 mercantur

763 544 922 585 AEginetae
948 554 966 574 a
990 544 1084 574 servis
1105 545 1219 576 Laced.
1236 545 1280 576 ix.

764 591 813 616 80.
836 586 902 616 auri
926 586 1145 618 thesaurismus
1166 597 1280 629 regum

765 631 846 660 Pers.
867 628 909 659 iii.
924 633 973 660 96.

722 674 846 702 Aureus
859 671 954 712 tripes
969 671 1051 712 apud
1070 671 1220 713 Delphos,
1240 672 1282 705 ix.

766 717 814 743 81.
858 724 949 743 aurea
972 714 1075 754 phiala
1109 714 1141 744 in
1177 714 1282 747 balteo

766 755 920 792 Herculis,
948 755 988 786 iv.
1018 760 1065 787 lo.
1108 757 1193 787 aurei
1216 768 1283 788 cra-

765 806 846 828 teres
870 806 901 828 et
923 798 1044 839 phialae,
1070 806 1102 829 et
1127 799 1184 830 alia
1206 811 1278 832 vasa

765 841 886 881 potoria
899 849 950 871 etc.
966 841 997 871 in
1014 843 1176 872 Persarum
1193 853 1280 873 exer-

765 883 826 913 citu
850 883 1022 919 Mardonii‚
1046 884 1086 915 ix.
1107 887 1156 915 80.
1187 896 1280 916 aurea

764 925 874 967 pocula
885 925 989 956 oblata
1010 926 1067 956 sibi
1095 926 1280 960 Cleomenes

763 976 883 998 recusat
897 968 1044 1010 accipere,
1058 969 1100 999 iii.
1116 973 1184 1000 148.
1208 981 1279 1001 aur-

763 1020 835 1040 eum
850 1018 997 1047 aratrum,
1012 1011 1044 1052 ju
1127 1035 1135 1049 ‚
1156 1013 1279 1050 securis,

763 1060 793 1082 et
809 1052 920 1094 phiala,
936 1053 1013 1084 coelo
1027 1053 1149 1095 delapsa
1162 1055 1193 1085 in
1205 1058 1284 1097 Scy-

762 1095 870 1132 thiam,
886 1095 928 1126 iv.
941 1099 971 1126 5.
992 1107 1093 1127 aureae
1115 1099 1280 1139 compedes

761 1138 934 1169 Democedi
965 1139 1098 1176 donatae,
1132 1139 1174 1170 iii.
1211 1144 1282 1172 130.

763 1190 863 1210 aureae
890 1181 1053 1222 compedes
1074 1182 1156 1223 apud
1170 1183 1279 1213 AEthi-

763 1233 845 1263 opes,
859 1223 899 1252 iii.
912 1227 962 1254 23.
984 1234 1075 1254 aurea
1087 1224 1222 1262 metalla,
1235 1226 1279 1257 ix.

764 1268 814 1296 75.
846 1275 937 1296 aurea
962 1266 1104 1307 platanus
1135 1278 1169 1298 ac
1196 1268 1279 1307 vitis,

763 1307 814 1337 vii.
828 1311 878 1338 27.
908 1319 1015 1339 aurosa
1039 1318 1142 1347 arena,
1166 1321 1235 1352 quae
1259 1322 1279 1342 a

762 1349 898 1380 formicis
911 1351 1058 1392 egeritur,
1073 1351 1113 1382 iii.
1130 1355 1199 1384 102.

721 1395 824 1423 Aures
858 1392 1034 1423 hominibus
1058 1395 1157 1436 magis
1179 1396 1280 1426 incre-

764 1434 845 1465 dulae
870 1445 963 1476 quam
990 1436 1082 1472 oculi,
1102 1437 1120 1467 i.
1139 1441 1167 1468 8.
1190 1449 1280 1469 aures

764 1488 942 1518 ignominiae
967 1489 1055 1508 caum
1075 1480 1223 1520 praecisae,
1247 1481 1278 1512 ii.

767 1523 834 1550 162.
869 1519 912 1549 iii.
933 1525 983 1556 69,
1010 1525 1077 1551 118.
1111 1532 1198 1553 aures
1220 1522 1278 1554 sibi

764 1562 904 1604 praecidit
921 1562 1078 1604 Zopyrus,
1092 1563 1132 1594 iii.
1150 1568 1218 1596 154.
1243 1565 1277 1596 in

763 1604 890 1635 auribus
903 1605 1040 1635 animum
1055 1604 1206 1645 habitare,
1225 1608 1278 1639 vii.

720 1689 879 1720 Auschisae
893 1689 977 1726 Afri,
992 1690 1031 1720 iv.
1050 1694 1118 1722 171.

719 1734 884 1769 Ausenses,
904 1733 945 1763 iv.
968 1736 1036 1764 180.
1065 1741 1208 1772 aratores
1227 1735 1276 1767 iv.

718 1819 836 1847 Auster
847 1816 1087 1858 pluviosissimus
1100 1827 1219 1856 ventus,
1248 1820 1280 1852 ii.

761 1862 811 1890 25.
834 1859 952 1900 Psyllos
963 1868 1070 1891 contra
1084 1872 1114 1891 se
1128 1861 1281 1895 bellantes.

761 1912 852 1931 arena
866 1901 979 1938 obruit,
995 1902 1036 1933 iv.
1053 1907 1120 1934 173.

719 1944 872 1975 Autesion
895 1943 1053 1975 Tisameni
1085 1945 1128 1977 fil.
1150 1946 1191 1977 iv.
1208 1950 1278 1979 147.

762 1987 802 2016 vi.
816 1990 865 2017 52.

720 2029 894 2060 Autodicus
905 2029 1027 2061 Cleadis
1040 2027 1191 2071 pater,'ix.
1206 2035 1257 2064 85.

720 2072 885 2102 Automoli
901 2072 964 2113 qui,
978 2073 999 2102 ii
1023 2077 1073 2103 30.

720 2117 886 2145 Autonous
920 2122 952 2145 et
986 2114 1138 2155 Phylacus
1159 2115 1281 2156 heroes,

763 2167 934 2198 eorumque
948 2157 1027 2192 fana,
1045 2158 1106 2188 viii.
1120 2163 1171 2190 39-

721 2199 866 2230 Auxesiae
892 2207 923 2229 et
957 2201 1079 2231 Damiae
1105 2200 1277 2238 simulam,

763 2253 784 2272 v
803 2245 855 2277 82,
869 2245 919 2272 88.

720 2283 821 2315 Axius
833 2284 958 2358 fluzius,
972 2284 1025 2317 vii.
1040 2287 1108 2317 123.
