1553 2739
267 301 307 330 48

722 298 956 332 INDEX.

308 392 426 416 terram
448 392 480 416 et
501 393 624 426 aquam,
644 383 685 414 vi.
699 387 750 414 48.
773 384 824 416 vii.

309 432 360 459 32.
382 428 506 459 Graecia
519 439 537 457 a
552 437 614 468 quo
628 434 770 468 tempore
792 435 823 458 et

309 470 366 502 sub
381 470 492 512 quibus
506 469 575 512 plus
586 469 659 500 mali
671 480 769 512 passa,
782 471 822 501 vi.

308 517 360 545 98.

267 558 453 587 Graecorum
467 562 499 585 et
522 556 685 586 Persarum
709 555 740 586 in
757 554 820 586 cul-

307 606 343 629 tu
367 599 498 629 deorum
535 597 669 634 collatio,
705 599 724 629 i.
753 602 820 629 131.

308 644 495 672 Graecorum
510 651 604 671 coenae
628 652 690 682 quo
705 641 789 672 dicto
804 652 821 671 a

308 684 408 714 Persis
431 683 689 725 perstringantur,
717 684 736 714 i.
754 688 821 714 133.

308 729 495 758 Graecorum
516 725 668 757 festorum
695 727 821 757 nomina

306 769 418 800 eadem
439 769 543 799 littera
569 768 690 805 finiunt,
717 769 736 800 i.
753 773 821 800 148.

307 815 494 843 Graecorum
527 812 769 853 negociationes,
802 812 820 842 i.

307 858 378 887 153.
393 857 577 885 Graecorum
589 854 702 885 litterae
717 862 748 885 et
760 854 821 885 cal-

307 898 379 935 culi,
404 898 434 928 ii.
457 902 506 928 36.
528 909 557 927 v.
571 901 622 928 58.
654 898 758 928 Graeci
781 897 819 928 ab

305 941 468 982 AEgyptiis
484 940 630 981 pleraque
651 951 818 981 sumpsere,

305 983 336 1014 ii.
360 987 412 1020 49,
447 986 496 1014 50.
529 986 580 1018 51,
615 985 665 1014 58.
710 986 820 1013 Graeca

305 1025 411 1067 lingua
426 1025 548 1066 quando
563 1035 699 1066 prunum
714 1025 745 1055 in
761 1028 819 1056 AE-

305 1076 441 1109 gyptum
473 1067 658 1104 introducta,
696 1068 726 1098 ii.
751 1072 819 1099 154

307 1114 493 1140 Graecorum
516 1110 547 1139 in
562 1112 722 1159 AEgypto.
723 1122 818 1152 nego-

305 1153 460 1189 dationes,
476 1152 555 1188 fana,
577 1152 679 1189 urbes,
703 1153 733 1183 ii.
751 1157 818 1184 178.

306 1198 491 1226 Graecorum
506 1195 636 1225 deorum
658 1204 731 1226 aetas
746 1206 817 1226 cum

305 1239 534 1280 JEgyptiorum
550 1237 668 1274 coll-sta,
696 1239 725 1268 ii.
748 1242 818 1275 144,

307 1285 386 1329 1Η45,
404 1285 472 1311 146.
504 1283 686 1311 Graecorum
708 1281 818 1311 natali-

304 1323 359 1360 tia,
377 1323 418 1353 iv.
434 1327 483 1353 26.
517 1326 574 1353 Gr.
568 1323 620 1353 eci
647 1323 677 1353 in
694 1324 817 1364 templis

304 1377 368 1396 non
384 1368 508 1402 co'e'unt,
529 1373 564 1396 ut
590 1376 644 1395 nec
660 1367 817 1414 AEgypssi,

303 1409 381 1438 sicut
417 1408 468 1438 alii
512 1408 668 1444 mortales,
714 1409 743 1438 ii.
766 1413 816 1439 64.

304 1451 407 1481 Graeci
422 1458 540 1481 vestem
566 1458 596 1480 et
612 1450 726 1490 aegidas
750 1452 816 1481 Mi-

302 1504 406 1524 nervae
429 1501 460 1523 et
484 1493 542 1523 alia
565 1493 602 1523 ab
629 1493 715 1524 Afris
747 1504 815 1524 mu—

302 1536 391 1571 tuati,
417 1536 458 1566 iv.
477 1540 544 1566 189.
573 1538 757 1566 Graecorum
785 1545 815 1566 et

302 1579 467 1619 Lydorum
483 1577 566 1619 leges
581 1589 677 1619 prope
693 1578 817 1615 similes,

301 1621 320 1650 i.
337 1625 385 1652 94.
408 1624 592 1651 Graecorum
615 1621 715 1662 ampla
737 1621 814 1657 fora,

301 1664 321 1693 i.
338 1666 404 1695 158.
428 1663 531 1694 Graeci
546 1673 713 1704 puerorum
730 1673 814 1693 amo-

301 1704 387 1736 ribus
410 1706 518 1741 dediti,
554 1706 573 1735 i.
598 1709 667 1736 1535.
704 1708 815 1736 Graeca

300 1759 377 1789 gens
398 1748 553 1778 dexterior
568 1759 661 1788 quam
684 1747 814 1778 barbara

299 1798 331 1821 et
348 1790 386 1821 ab
402 1791 524 1831 ineptiis
539 1791 717 1826 abhorrens,
731 1790 749 1820 i.
765 1795 815 1822 60.

301 1833 405 1863 Graeci
436 1834 559 1863 virtutis
596 1840 751 1863 certamen
783 1845 812 1863 a.

300 1883 391 1915 gunt,
412 1886 473 1905 non
499 1877 647 1917 pecuniae,
681 1875 744 1905 viii.
765 1880 813 1906 26.

301 1921 430 1949 Grrecos
461 1925 600 1948 auctores
631 1918 813 1959 injuriarum

300 1962 386 1992 aiunt
401 1960 536 1997 barbari,
548 1961 566 1991 i.
581 1965 610 1997 ΕΖ,
627 1965 656 1990 4.
677 1960 813 1991 universi

299 2012 372 2034 ante
402 2003 499 2035 Croesi
533 2003 698 2044 imperium
724 2002 813 2033 liberi

298 2047 397 2082 suere,
421 2046 438 2076 i.
454 2050 483 2077 6.
505 2049 688 2077 Graecorum
704 2054 812 2086 poten-

299 2089 432 2119 tissimos
448 2088 504 2119 sibi
520 2088 662 2118 conciliat
678 2089 813 2125 Croesus‚

299 2132 318 2162 i.
332 2134 382 2162 56.
407 2131 582 2172 Ignorantia
596 2137 666 2160 ante
676 2141 723 2160 res
738 2132 811 2161 Per·

299 2176 383 2209 sicas,
407 2181 440 2203 ut
458 2175 583 2203 Samum
607 2180 638 2202 et
654 2173 812 2203 columnas

300 2216 444 2247 Herculis
459 2227 546 2257 aeque
571 2215 682 2246 distare
705 2215 810 2256 opina-

298 2266 416 2294 rentur,
443 2259 505 2289 viii.
522 2262 588 2288 139.
612 2257 730 2288 Graecis
751 2258 795 2287 dis
797 2275 809 2281 -

299 2301 411 2332 cordire
437 2301 621 2348 principium
649 2311 719 2330 cum
737 2302 809 2330 Pcr-

299 2345 336 2373 asi
353 2343 623 2385 quodexitexit,1.
661 2342 810 2374 Graccis

903 391 935 415 et
956 383 1093 416 barbaris
1106 384 1259 417 malorum
1281 383 1415 426 initium„

902 438 932 458 v.
947 430 996 458 97.
1030 430 1214 459 Graecorum
1228 430 1322 461 variae
1348 441 1416 461 sen⁴²

901 470 1006 500 tentiae
1022 470 1060 501 de
1082 471 1149 502 loco
1174 482 1287 513 pugnae
1313 473 1416 504 navali

902 513 1128 550 constituendo,
1154 514 1216 544 viii.
1239 518 1290 546 49.
1323 518 1414 546 Grae-

902 566 1010 586 corum
1047 556 1161 586 ducum
1197 556 1346 588 dissensus
1382 558 1414 588 in

900 597 983 628 bello
1010 599 1143 635 Persico,
1165 598 1227 629 viii.
1242 602 1292 631 74.
1325 602 1414 631 Grae—

901 651 1009 671 corum
1023 640 1185 672 concilium
1195 649 1302 672 contra
1311 644 1415 674 Xerx-

900 694 962 720 em,
983 683 1036 714 vii.
1049 686 1118 715 145.
1141 686 1325 715 Graecorum
1341 696 1414 716 con-

901 726 1025 757 sultatio
1061 726 1262 767 insequantur
1308 727 1413 759 hostes

899 779 1005 806 necne,
1028 768 1091 800 viii.
1107 773 1176 805 108,
1195 773 1263 801 109.
1287 772 1415 801 Graeco—

900 821 971 841 rum
986 811 1146 842 consilium
1169 811 1206 842 de
1221 811 1304 842 bello
1325 813 1411 843 The-

899 853 946 884 bis
968 853 1139 888 inferendo.
1157 854 1196 885 ix.
1209 857 1260 885 86.
1283 857 1411 886 Graeco-

900 906 971 926 rum
1007 907 1025 926 a
1050 896 1179 938 Mycale
1200 897 1413 938 profectormn

901 938 1094 976 consultatio,
1116 939 1155 969 ix.
1181 943 1251 969 114·
1282 942 1411 971 Graeco·

899 992 970 1011 rum
986 982 1078 1012 duces
1092 982 1131 1012 ad
1155 981 1256 1022 Pylas,
1279 982 1332 1013 vii.
1343 986 1414 1014 204.

903 1026 1087 1055 Graecorum
1113 1024 1205 1055 duces
1220 1024 1259 1054 ad
1285 1024 1413 1055 Salami-

898 1077 971 1096 nem
997 1067 1050 1107 qui
1070 1067 1185 1097 fuerint
1191 1068 1411 1116 praestantissis

898 1109 942 1138 mi
979 1117 1010 1139 et
1036 1109 1164 1150 praemia
1189 1109 1224 1139 iis
1250 1110 1330 1146 data,
1359 1110 1411 1141 vii.

901 1155 1066 1187 1⁴23.124.
1111 1155 1294 1182 Graecorum
1331 1163 1410 1201 prae-

898 1194 1072 1225 stantissimi
1083 1195 1344 1232 Lacedaemonii,'
1335 1207 1354 1225 1.
1362 1200 1413 1227 69.

898 1239 1083 1267 Graecorum
1098 1237 1297 1267 strenuissimi
1322 1245 1353 1268 et
1369 1238 1410 1268 ci-

897 1279 1031 1309 vitatum
1068 1284 1099 1310 e't
1122 1280 1263 1310 virorum
1301 1287 1410 1310 contra

897 1321 1026 1358 Medos,
1062 1323 1101 1352 ix.
1128 1325 1178 1353 71.
1223 1324 1409 1353 Graecorum

895 1364 1137 1404 praestantissimi
1172 1364 1211 1394 ad
1249 1365 1412 1405 Niycalen,

895 1407 934 1437 ix.
960 1409 1027 1437 105.
1056 1410 1239 1438 Graecorum
1263 1415 1411 1447 praestan-

895 1449 1002 1479 tissimi
1013 1449 1043 1479 in
1059 1460 1164 1490 pugna
1174 1450 1285 1485 navali,
1297 1450 1348 1480 vii.
1360 1452 1409 1481 17.

896 1492 999 1522 Graeci
1024 1493 1205 1533 AEgyptum
1242 1492 1410 1522 incolente.

895 1545 966 1565 cum
990 1534 1144 1575 Cambyse
1167 1534 1409 1575 congrediuntur

894 1577 1041 1618 sanguiue
1055 1584 1160 1618 epoto,
1174 1577 1215 1606 iii.
1228 1581 1238 1606 1
1249 1580 1273 1606 1.
1299 1585 1407 1607 contra

895 1622 1025 1649 Graecos
1043 1619 1271 1660 expeditionem
1295 1619 1409 1650 Xerxis

893 1662 968 1702 quid
1003 1663 1147 1697 moverit,
1193 1661 1244 1691 vii.
1280 1666 1309 1692 6.
1352 1661 1408 1692 ubi

894 1705 1032 1734 Xerxem
1069 1704 1207 1745 excipere
1236 1704 1409 1740 statuerint,

894 1747 944 1776 vii.
974 1750 1039 1777 177.
1073 1749 1212 1776 Xerxem
1239 1746 1292 1786 qui
1316 1749 1404 1776 Grce-

893 1799 1000 1819 corum
1007 1788 1245 1830 opperiebantur
1256 1789 1294 1819 ad
1304 1789 1386 1818 Ther
1393 1806 1407 1813 -

892 1831 1042 1872 mopylas,
1067 1831 1118 1861 vii.
1134 1835 1203 1861 902.
1225 1841 1335 1861 eorum
1351 1830 1406 1862 foe-

894 1875 950 1904 dus
976 1881 1083 1904 contra
1108 1884 1170 1910 eos,
1197 1873 1324 1914 quinon
1352 1874 1406 1904 ad-

893 1916 953 1946 acti
965 1916 1143 1946 necessitate
1153 1926 1224 1946 cum
1236 1918 1343 1946 Xerxe
1353 1927 1407 1956 pe-

892 1959 1047 2000 pigerant,
1071 1958 1122 1988 vii.
1151 1962 1218 1989 13)
1253 1959 1407 1989 eGraecis

892 2001 945 2042 qui
972 2008 1130 2031 terrestres
1161 1999 1265 2042 copias
1301 2000 1405 2031 Xerxi

892 2043 1092 2086 praebuerint,
1124 2051 1155 2074 et
1181 2043 1233 2085 qui
1261 2043 1407 2079 nauticas,

892 2098 944 2116 vu.
962 2090 1028 2117 185.
1051 2093 1082 2116 et
1096 2085 1146 2116 alii
1170 2086 1222 2126 qui
1246 2096 1276 2115 se
1301 2096 1406 2116 recens

892 2129 1096 2176 adjunxerunt
1121 2128 1233 2160 Xerxis
1247 2128 1405 2163 exercitui,

893 2182 955 2201 vlu.
968 2176 1018 2202 66.
1045 2173 1228 2201 Graecorum
1254 2171 1403 2201 exercitus

893 2221 1000 2243 contra
1028 2213 1232 2243 Mardonium
1259 2213 1297 2242 ad
1335 2213 1405 2243 Pla·

892 2263 967 2287 taeas
981 2255 1092 2296 quibus
1107 2263 1137 2285 et
1151 2255 1307 2295 quomodo
1321 2266 1403 2285 com—

892 2305 1016 2340 paratus
1039 2305 1069 2328 et
1094 2298 1268 2332 instructus,
1291 2309 1329 2327 ix.
1353 2302 1402 2328 ‘29.

893 2341 996 2371 Gxaeci
1046 2347 1152 2371 contra
1200 2339 1348 2371 Mra-&1³01
1341 2349 1403 2370 ium
