1553 2739
281 326 302 355 G
739 320 972 352 INDEX.

282 408 384 438 AEnus
398 405 481 443 urbs,
501 404 542 436 iv.
558 407 607 436 90.
629 404 745 435 vii-58.

282 450 391 481 AEoles
407 448 524 480 invadit
541 449 662 478 Croesus
677 446 694 476 i.
710 450 759 477 26.
774 456 832 476 eos-

325 503 385 533 que
402 490 532 531 subegit,
554 489 573 519 i.
587 493 618 525 6,
632 492 683 519 28.
709 490 793 529 Cyro
809 500 828 518 ε·

324 534 436 564 dedere
457 531 576 566 volunt,
597 531 615 561 i.
639 535 706 561 141.
732 530 838 561 AEol-rr

326 584 358 606 et
374 578 460 606 Iones
474 573 651 605 hereditarii
677 572 836 612 Cambysa—

327 618 418 652 servi,
440 617 471 647 ii.
493 620 518 646 l.
552 615 705 645 tributarii
733 616 827 645 Durio

325 660 360 691 ii.
387 663 438 691 90.
473 658 548 688 olim
582 657 703 698 Pelasgi
729 665 829 688 vocam

326 702 379 732 vii.
393 704 444 733 95·
467 711 576 731 eorum
592 711 674 730 sacra
697 708 727 730 et
753 710 839 740 pem-

325 743 449 786 pobola,
473 743 500 773 ii.
515 747 563 773 37.
585 742 693 772 AEoles
715 742 793 772 circa
809 753 842 771 o-

327 797 394 817 ram
407 785 532 815 Iliadem
548 785 628 826 capti
641 784 678 814 ab
695 785 839 824 Hymaee,

328 840 358 858 v.
376 832 444 858 192.

286 871 448 902 AEolenses
464 868 654 909 Mitylenaei,
670 879 700 899 v.
715 871 764 900 94.

286 913 417 945 AEolum
445 912 475 942 in
500 911 612 942 Xerxis
631 910 723 941 classe
748 917 843 946 arma,

329 955 381 986 vii.
395 957 445 986 95-

287 997 396 1030 AEoles
410 999 530 1027 Sestum
545 1002 693 1031 tenenteS,
706 995 744 1025 ix..
762 997 830 1024 114-

289 1040 419 1071 AEolicae
432 1039 574 1069 undecim
585 1038 732 1072 civitates,
743 1036 761 1066 i.
776 1040 843 1067 149.

289 1082 420 1114 AEoh'cae
436 1081 574 1111 civitates
595 1079 740 1109 insulares
755 1079 843 1120 quin-

331 1134 402 1165 que,
422 1124 440 1153 i.
458 1126 527 1153 151.

290 1167 422 1199 AEolicae
449 1172 479 1195 et
507 1164 616 1194 Ionicae
635 1163 758 1194 ditionis
781 1163 842 1193 col-

332 1209 416 1244 latio,
437 1208 456 1237 i.
473 1211 539 1238 149.

289 1251 486 1284 AEolidarum
501 1248 651 1290 oppidum
676 1247 841 1283 incensum,

332 1293 393 1323 viii.
408 1295 457 1322 35.

292 1335 401 1371 AEolis,
415 1335 456 1364 vi.
473 1335 540 1364 127.

290 1378 402 1409 AEolus
426 1374 626 1407 Athamantis
660 1381 758 1416 pater,
793 1374 843 1404 vii.

336 1423 406 1451 197·

290 1464 372 1494 AEor
393 1459 475 1502 apud
497 1459 625 1499 Scythas
638 1459 740 1489 virum
752 1458 844 1500 signi-

333 1504 416 1539 ficat,
436 1503 476 1533 iv.
494 1506 560 1532 110.

292 1549 456 1586 AEorpata,
468 1545 499 1574 id
514 1552 570 1579 est,
583 1543 729 1579 viricidae,
745 1546 844 1573 Ama-

333 1597 427 1619 zones
452 1587 542 1617 dictae
561 1585 667 1627 lingua
693 1586 846 1626 Scythica,

334 1630 409 1661 ibid.

291 1671 507 1714 AEquabiiitas,
523 1681 570 1700 res
585 1669 717 1711 egregia,
734 1680 763 1700 v.
778 1672 829 1700 78.

291 1715 447 1756 AEquitati
469 1713 612 1754 iniquitas
630 1712 735 1748 invisa,
749 1712 766 1741 i.
782 1716 831 1743 96.

291 1760 358 1789 A'cSr
374 1756 601 1797 AEgyptiurum
613 1765 770 1795 nunquam
786 1754 844 1784 im-

334 1806 483 1833 mutatur,
502 1798 531 1827 ii.
545 1800 594 1827 77.

292 1843 385 1875 Abjris
410 1840 582 1870 mutatione
606 1838 738 1869 existunt
765 1849 844 1881 prae-

334 1885 421 1925 cipue
436 1882 548 1918 morbi,
566 1882 583 1912 i.
599 1885 648 1912 77.

293 1926 451 1959 AErarium
462 1924 707 1958 Atheniensium,
722 1923 773 1953 vii.
788 1926 844 1953 144

292 1972 436 2009 Aiiropus
443 1968 585 1997 Temeno
596 1974 695 2001 natus,
709 1965 769 1995 viii.
788 1969 844 1996 137

291 2014 436 2052 Aie'ropus
452 2009 588 2050 Philippi
610 2008 702 2045 filius,
724 2007 845 2038 Alcetae

334 2061 433 2094 pater,
447 2051 507 2082 viii.
526 2055 594 2081 1:39.

291 2098 436 2136 A'e'ropus
451 2093 578 2123 Echemi
593 2099 689 2133 pater,
714 2091 752 2122 ix.
766 2095 816 2121 26.

291 2141 350 2171 AEs
361 2136 442 2178 apud
455 2135 619 2175 AEthiopas
629 2134 767 2164 omnium
777 2144 846 2174 pre-

332 2180 438 2212 tjosiss.
463 2185 494 2208 et
521 2177 719 2211 rarissimum,
744 2176 786 2205 iii.
798 2180 846 2205 23.

334 2221 416 2264 apud
438 2219 565 2261 Scythas
584 2229 644 2249 non
667 2226 711 2248 est
735 2218 765 2248 in
781 2228 847 2254 usu,

334 2267 374 2296 iv.
389 2268 437 2295 71.
458 2264 524 2304 ejus
546 2262 632 2302 copia
653 2260 735 2302 apud
759 2261 846 2290 IvIaS-

335 2315 461 2348 sagetas‚
478 2306 496 2335 i.
510 2307 579 2334 215.
594 2314 651 2344 pro
664 2313 723 2333 aere
735 2312 843 2332 aurum

334 2356 510 2381 mercantur
535 2346 706 2389 AEginetae,
730 2344 769 2376 ix.
796 2347 845 2376 79.

880 403 964 434 AEris
994 402 1083 434 alieni
1117 403 1239 435 debitor
1269 402 1431 435 mendacio

919 445 1078 482 obnoxius,
1102 446 1121 476 i.
1138 450 1207 476 188.

865 489 936 518 -A'Es
951 487 1083 517 alienum
1104 488 1226 524 debere,
1249 489 1331 530 apud
1355 490 1430 520 Per·

920 540 964 559 sas
980 536 1070 570 turpe
1084 538 1140 565 est,
1154 531 1172 560 i.
1189 534 1257 561 138.

884 571 963 601 AEris
977 570 1066 601 alieni
1090 572 1212 602 debitor
1233 572 1363 603 cadaver
1376 583 1429 613 pa-

919 613 974 660 rris
999 613 1125 655 deponit
1150 614 1232 656 apud
1252 615 1434 656 AEgyptios,

920 667 950 684 ιι.
967 659 1034 686 136.

881 698 957 727 ᾹΞΥΘ
969 698 1067 728 alieno
1079 697 1229 729 liberatur
1239 698 1322 740 apud
1342 700 1436 739 Spar*

921 747 997 776 tam,
1014 739 1045 770 in
1071 741 1152 781 regis
1176 740 1275 777 obitu,
1301 740 1353 782 qui
1379 747 1433 770 aut

921 783 987 822 regi
1018 790 1070 812 aut
1101 782 1277 824 reipublicae
1307 783 1345 812 sit
1376 782 1433 812 ob-

922 825 1053 860 strictus,
1079 825 1119 855 vi.
1140 829 1193 862 59,
1224 832 1260 855 ut
1292 833 1324 855 et
1349 825 1431 867 apud

923 868 1038 901 Persas,
1055 866 1128 897 ibid.

880 908 966 939 AEris
984 908 1096 939 fodinae
1123 919 1220 950 prope
1243 908 1430 946 Prasiadem,

923 961 952 980 v.
969 954 1016 981 17.

881 992 969 1022 AErei
995 992 1053 1022 viri
1080 993 1300 1024 Psammiticho
1325 993 1439 1024 auxili-⁷

923 1041 1024 1070 antur,
1045 1035 1074 1064 ii.
1091 1039 1158 1066 152.

881 1078 994 1107 AEreus
1017 1077 1137 1118 Jupiter
1155 1085 1187 1108 et
1203 1079 1376 1120 Neptunus,
1395 1077 1434 1109 ix.

923 1122 973 1148 80.

880 1162 1013 1190 AEreum
1038 1168 1141 1191 totum
1170 1161 1330 1192 Mardonii
1350 1173 1442 1204 praer

923 1213 1003 1243 sepe,
1016 1203 1054 1234 ix.
1069 1208 1118 1235 69.

880 1245 1034 1282 AEsanius,
1049 1246 1137 1276 Grini
1151 1253 1250 1286 pater,
1266 1246 1306 1277 iv.
1322 1249 1390 1278 150.

880 1287 1054 1324 AEschines‚
1087 1289 1240 1319 Nothonis
1266 1288 1355 1324 filius,
1392 1288 1433 1319 vi.

924 1332 991 1359 loo.
1023 1341 1084 1360 non
1108 1331 1176 1360 sinit
1195 1330 1442 1361 Atheniensium

922 1372 1137 1402 auxiliatorum
1171 1381 1304 1413 quatuor
1338 1372 1445 1403 millia

923 1423 1024 1444 secum
1038 1415 1149 1455 perire,
1161 1415 1234 1445 ibid.

880 1455 1058 1494 AEschreus,
1065 1457 1356 1499 Lycomedispater,
1370 1457 1434 1489 viii.

926 1500 937 1526 l
947 1502 972 1528 1.

881 1539 1054 1571 AEscrionia
1068 1540 1175 1577 tribus,
1192 1541 1233 1571 iii.
1246 1545 1296 1572 26.

882 1582 1047 1624 AEschylus
1069 1584 1275 1625 Euphorionis
1289 1583 1380 1620 filius,
1402 1583 1433 1615 ii.

928 1629 994 1656 156.

882 1667 1017 1708 AEsopus
1042 1667 1215 1698 fabularum
1242 1668 1382 1710 scriptor,
1403 1667 1436 1699 ii.

927 1713 993 1739 1534.

884 1752 986 1782 AEstas
1000 1751 1052 1782 ubi
1067 1761 1186 1794 semper
1200 1752 1305 1783 nubila
1319 1759 1375 1789 est,
1395 1751 1448 1783 iv...

924 1797 973 1824 28.

884 1837 1013 1867 AEstatis
1037 1844 1067 1867 et
1082 1836 1191 1867 hiemis
1215 1836 1386 1874 simulacra,
1406 1837 1436 1867 ii.

928 1882 995 1909 1‘21.

887 1921 1055 1963 AEthiopiae
1070 1931 1167 1962 regno
1192 1920 1272 1952 solus
1295 1921 1440 1951 Sesostris

927 1964 1061 2005 AEgypti
1081 1974 1133 1993 rex
1148 1964 1275 2004 potitus,
1292 1963 1322 1993 ii.
1339 1967 1407 1994 llo.

885 2006 1058 2047 AEthiopiae
1096 2006 1169 2035 situs
1202 2013 1366 2041 extremus,
1395 2005 1437 2036 iii.

929 2052 995 2078 114.
1011 2049 1075 2090 ejus
1086 2047 1248 2089 descriptio
1263 2055 1292 2078 et
1305 2058 1436 2088 quarum

926 2101 1030 2120 rerum
1044 2090 1128 2120 ferax
1143 2089 1191 2125 sit,
1204 2089 1276 2119 ibid.

886 2133 1050 2174 AEthiopes
1065 2132 1220 2173 quomodo
1235 2131 1335 2162 reddit
1349 2142 1437 2161 man-

927 2175 1082 2210 suetiores,
1105 2174 1133 2204 ii.
1148 2178 1197 2204 30.
1222 2173 1364 2214 pudenda
1379 2174 1441 2204 cir-

928 2217 1116 2252 cumcidunt,
1131 2216 1162 2246 ii.
1180 2220 1247 2246 104.

886 2259 1051 2300 AEthiopes
1076 2257 1235 2294 macrobii,
1265 2257 1346 2289 unde
1372 2264 1438 2287 tam

927 2302 1029 2343 longae
1045 2302 1118 2331 vitae
1134 2301 1173 2330 iii.
1188 2304 1238 2330 23.
1263 2300 1366 2341 quales
1380 2299 1442 2329 ho·

926 2344 1035 2380 mines,
1051 2343 1090 2375 iii.
1106 2347 1160 2380 20,
1171 2350 1220 2374 etc.
1233 2353 1341 2374 eorum
1355 2342 1438 2384 regis
