1553 2739
587 285 826 318 INDEX.

137 373 262 413 Argon,
280 372 392 413 Agron,
411 371 530 412 primus
551 371 692 402 Heracli-

179 414 301 450 darum,
315 414 456 444 Sardium
467 423 535 461 rex,
552 413 571 443 i.
583 418 612 444 7.

137 458 243 497 Argos
252 456 327 487 olim
337 456 468 487 Graeciae
478 455 617 486 civitates
625 466 692 486 om·

178 509 233 528 nes
242 499 453 535 antecellens,
445 510 465 529 ι.
472 503 485 529 1
493 521 498 527 .
505 500 611 539 Argos
620 498 693 529 viris

178 541 351 572 desolatum
363 552 381 571 a
391 541 485 572 servis
499 548 632 578 tenetur,
654 542 692 571 vi.

179 587 230 614 83.
251 586 357 625 Argos
377 584 476 614 Persis
500 594 594 624 quam
616 583 693 613 ami-

179 636 264 663 cum,
279 626 330 656 vii.
347 630 413 657 150.
438 626 476 656 ab
490 627 632 656 Homero
644 636 692 655 ce-

179 667 334 699 lebratum
354 668 502 705 maxime,
515 667 545 698 ii.
558 671 597 697 28

137 710 220 751 Argi
231 710 317 741 lucus
328 722 345 741 a
357 710 524 742 Cleomene
546 710 695 746 incensus,

180 752 219 782 vi.
241 757 292 783 80.

137 795 334 835 Argivorum
357 795 455 837 regio,
487 795 507 826 i.
522 799 540 826 Τ
543 798 570 827 5.
594 802 626 825 et
642 798 692 826 76.

180 841 222 867 82

138 880 252 921 Argivi
264 880 406 910 mercede
421 891 438 909 a
450 880 609 911 Pisistrato
622 890 693 910 con-

179 923 265 953 ducti
274 931 380 953 contra
389 923 602 958 Athenienses,
615 922 634 952 i.
644 926 694 953 61.

179 976 288 996 eorum
300 965 431 996 totidem
451 976 522 996 cum
537 976 611 1001 ccc,
633 967 694 995 La-

179 1008 375 1039 cedaemoniis
387 1008 542 1038 contentio
565 1008 603 1038 de
626 1007 693 1038 loco

177 1049 316 1090 Thyrea,
361 1050 380 1080 i.
405 1054 454 1080 82.
497 1051 693 1091 Argivorum

179 1092 290 1129 clades,
303 1092 376 1122 ibid.
399 1102 430 1123 et
442 1104 550 1124 eorum
563 1093 610 1123 lex
623 1093 693 1123 ideo

180 1135 275 1165 tonsis
286 1135 436 1176 capitibus
449 1146 512 1166 esse
525 1135 616 1171 velie,
637 1135 692 1165 do-

179 1187 236 1207 nec
257 1178 399 1218 Thyreas
414 1185 640 1219 recuperarent,
661 1186 692 1207 et

177 1219 362 1250 mulieribus
384 1231 493 1250 aurum
517 1230 624 1261 gerere
646 1220 692 1250 in-

178 1261 357 1298 terdictum,
378 1263 387 1292 i
419 1266 468 1292 82.
489 1262 604 1303 Argivi
624 1273 692 1292 mr-

178 1304 240 1334 sica
260 1313 439 1345 praestantes
461 1306 541 1335 inter
558 1306 694 1341 Graecos,

177 1346 220 1375 iii.
242 1350 311 1377 1531.
331 1347 446 1388 Argivi
467 1355 574 1377 contra
591 1347 693 1377 Athe-

179 1388 297 1419 nienses
310 1389 347 1420 ab
361 1390 518 1432 AEginetis
539 1400 692 1419 arcessun-

177 1438 240 1468 tur,
264 1443 294 1462 v.
316 1437 367 1464 66.
399 1417 479 1462 mult
483 1443 532 1462 am
553 1431 692 1462 indicunt

179 1474 347 1515 AEginetis‚
395 1483 427 1505 et
473 1473 692 1511 recusantibus,

179 1516 290 1547 auxilia
303 1525 429 1559 negant,
449 1517 489 1547 vi.
504 1521 554 1548 92

135 1558 360 1634 Argivorum9
356 1560 454 1591 clades
477 1571 493 1590 a
514 1559 692 1607 Cleomene,

179 1602 221 1633 vi.
245 1604 298 1638 78,
362 1602 588 1644 ..Argivorum
611 1602 691 1632 servi

178 1655 229 1675 res
261 1652 292 1675 et
316 1645 525 1686 magistratus,
556 1643 633 1674 urbe
655 1655 691 1674 ea

178 1686 266 1718 clade
297 1678 418 1723 afflicta,
451 1687 626 1728 suscipiunt,
650 1687 690 1717 vi.

179 1734 231 1760 83.
263 1738 295 1761 et
317 1741 336 1760 a
357 1730 426 1761 filiis
449 1740 599 1761 caesorum
621 1737 690 1771 post

177 1772 281 1813 ejecti,
314 1772 504 1813 Tirynthem
537 1771 688 1809 obtinent,

178 1814 254 1845 ibid.
283 1826 453 1856 eorumque
484 1814 602 1845 bellum
624 1814 692 1845 diu-

178 1865 307 1889 turnum
316 1869 388 1888 cum
396 1856 538 1894 dominis,
545 1857 617 1887 ibid.
629 1859 694 1887 Ar-

179 1900 326 1941 givorum
337 1911 388 1932 sex
399 1899 496 1930 millia
517 1911 535 1929 a
546 1900 693 1930 Lacedae-

179 1943 292 1973 moniis
316 1942 513 1983 interempta.
548 1942 600 1972 vii.
625 1945 693 1972 148.

178 1996 251 2015 cum
266 1985 509 2016 Lacedaemoniis
519 1985 628 2026 pacisci
638 1995 693 2015 xo-

178 2027 258 2064 lunt‚
279 2028 330 2058 vii.
346 2031 413 2058 148.
434 2027 487 2058 sed
502 2035 622 2068 partem
634 2038 692 2057 zm-

179 2070 257 2112 perii
269 2081 286 2100 a
297 2069 541 2101 Lacedaemoniis
563 2078 691 2111 poscunt

177 2114 212 2143 in
220 2112 302 2143 bello
312 2113 444 2149 Persico,
451 2112 524 2143 ibid.
533 2112 691 2143 oraculum

177 2155 342 2186 consulunt
356 2166 394 2185 an
417 2155 564 2186 auxilium
587 2163 693 2185 contra

179 2198 298 2229 Medos
330 2197 410 2228 ferre
443 2197 585 2233 debeant,
618 2197 689 2228 ibid.

179 2240 283 2270 nuncii
306 2240 344 2270 ab
370 2240 404 2271 iis
427 2242 501 2270 Susa
523 2240 617 2276 missi,
640 2240 691 2271 vii.

182 2285 252 2313 151.
275 2284 399 2313 Persam
422 2283 454 2313 in
471 2282 625 2312 Graeciam
643 2293 690 2312 ar-

178 2325 298 2357 cessisse
313 2325 466 2363 feruntur,
493 2325 545 2356 vii.
559 2328 627 2358 152.
639 2335 690 2356 eo-

1251 286 1293 318 15

772 380 844 401 rum
865 379 938 400 cum
960 367 1060 400 Persis
1075 367 1214 406 affinitas,
1237 370 1291 400 vii.

774 416 843 443 150.
886 412 1017 442 mittunt
1057 412 1206 444 nuncium
1249 412 1290 443 ad

773 454 991 490 BIardoffium,
1021 453 1061 485 ix.
1093 459 1131 485 12
1171 454 1289 496 Argivi

773 506 880 528 contra
901 496 1028 527 Thebas
1040 509 1114 529 cum
1136 498 1287 538 Polynice

772 540 947 570 militantes.
959 539 998 570 ix.
1011 544 1062 571 27.

730 583 862 624 Argivae
884 582 1007 613 feminae
1041 594 1058 613 a
1091 581 1288 614 Phoenicibus

771 633 880 665 raptae,
890 625 909 655 i.
925 628 949 655 1.
964 625 1160 666 Argivarum
1175 624 1285 656 mulie-

773 678 843 697 rum
858 666 945 704 furor
967 675 998 698 et
1021 668 1146 704 insania,
1173 668 1212 699 ix.
1236 671 1289 705 84,

732 712 990 751 Argonautarum
1009 711 1127 751 posteri
1152 711 1291 750 Minyae,

773 763 791 782 a
801 754 924 783 Lemno
935 753 1034 793 ejecti,
1059 764 1076 782 a
1086 753 1288 784 Lacedaemo-

773 795 830 825 niis
852 795 979 836 recepti,
999 802 1030 826 et
1048 795 1128 826 circa
1139 803 1288 837 utrosque

773 846 850 873 acta,
868 838 908 868 iv.
936 841 1006 874 145,
1026 845 1075 868 etc.

731 879 877 910 Ariantas
891 890 944 910 rex
967 880 1162 921 Scytharum,
1182 880 1222 910 iv.
1237 883 1288 910 81.

730 921 927 964 Ariabignes‚
940 923 1029 953 Darii
1043 923 1135 960 filius,
1159 922 1288 964 praefec-

772 972 822 995 tus
842 965 926 995 classi
940 965 1062 1002 Xerxis,
1082 966 1134 996 vii.
1149 970 1199 997 97.
1224 965 1289 995 viii.

772 1010 822 1038 89.
845 1007 959 1038 Xerxis
969 1007 1075 1046 frater,
1086 1008 1206 1040 viii.89.
1221 1008 1287 1049 ejus

770 1049 922 1086 interitus,
942 1049 1018 1080 ibid.

729 1092 909 1133 Ariapithes
917 1103 970 1123 rex
980 1092 1177 1134 Scytharum,
1186 1093 1228 1124 ἰν.
1237 1096 1290 1125 78.

771 1135 837 1176 ejus
850 1135 1001 1172 interitus,
1022 1135 1097 1166 ibid.

729 1177 922 1207 Ariaramnis
946 1179 1046 1210 Persae
1059 1178 1210 1215 interitus,
1224 1178 1287 1209 viii.

772 1224 822 1251 90
843 1219 900 1248 in
886 1220 970 1249 arida
989 1220 1056 1251 loca
1077 1231 1189 1262 aquam
1208 1232 1288 1262 quo—

771 1272 792 1291 1
784 1262 866 1292 iodo
890 1273 944 1302 per
965 1262 1101 1294 canalem
1115 1263 1286 1305 deportarit

771 1303 915 1334 Arabum
927 1315 990 1340 rex,
1005 1305 1047 1336 iii.
1063 1310 1092 1337 9

729 1346 869 1376 Aridolis
886 1346 1156 1394 ‘Alabandensium
1178 1355 1285 1389 tyran-

772 1399 838 1424 nus,
862 1389 912 1418 vii.
932 1392 1000 1421 195.

728 1431 853 1461 Arienis
862 1431 999 1472 Alyattis
1012 1431 1086 1469 filia,
1096 1432 1115 1463 i.
1127 1436 1177 1464 74.
1187 1435 1285 1473 Asty-

771 1474 822 1515 agi
854 1473 943 1504 nubit
965 1474 1087 1507 foederis
1113 1486 1201 1507 causa
1223 1486 1285 1506 ser—

769 1516 874 1552 vandi,
894 1516 967 1547 ibid.

727 1559 853 1590 Arietes
863 1559 1020 1591 I'hebanis
1029 1560 1117 1603 Εἰς-γ
1118 1560 1190 1603 ptiis
1201 1560 1287 1598 sacri,

770 1601 799 1631 ii.
814 1605 862 1631 42.

727 1644 797 1674 Arii
821 1655 891 1685 pop.
914 1643 954 1674 iii.
977 1648 1026 1676 953.
1050 1655 1158 1676 eorum
1177 1646 1209 1676 in
1232 1656 1284 1677 ex·

770 1687 867 1717 ercitu
879 1687 991 1718 Xerxis
1003 1696 1158 1719 armatura
1169 1696 1201 1720 et
1213 1688 1286 1726 dux,

770 1728 822 1759 vii.
835 1733 886 1760 65.

728 1771 799 1802 Arii
811 1770 886 1802 olim
905 1771 979 1802 dicti
1003 1772 1107 1810 Medi,
1127 1772 1179 1803 vii.
1191 1776 1241 1805 62.

729 1813 841 1845 Arima
853 1815 976 1856 Scythae
990 1826 1088 1847 unum
1102 1824 1225 1853 vocant,
1244 1816 1286 1847 iv.

772 1860 822 1887 27.

730 1899 899 1940 Arimaspi,
919 1900 961 1930 iii.
975 1904 1042 1930 116.
1069 1900 1126 1930 viri
1148 1900 1284 1937 unoculi,

772 1942 812 1972 iii.
830 1945 899 1973 116.
919 1943 960 1972 iv.
974 1946 1023 1973 27.
1047 1943 1099 1985 qui
1115 1950 1146 1973 et
1159 1943 1223 1980 ubi,
1244 1943 1286 1974 iii.

776 1988 786 2014 ]
798 1989 845 2015 16.
867 1985 907 2016 iv.
922 1989 969 2016 13.

730 2027 906 2068 Arimaspei
918 2038 1032 2064 versus,
1051 2027 1092 2058 iv.
1111 2032 1158 2058 14.

730 2070 926 2100 Arimnestus
938 2070 1124 2107 Plataeensis‚
1141 2071 1180 2102 ix.
1193 2076 1242 2102 72.

730 2113 946 2150 Αιίοηιαῑάυς,
977 2113 1127 2154 Artyphii
1163 2125 1284 2155 germa-

772 2165 839 2191 nus,
859 2156 1042 2197 Caspiorum
1055 2157 1128 2192 dux,
1150 2158 1201 2187 vii.
1213 2161 1264 2187 67.

730 2197 945 2235 Ariomardus,
978 2198 1065 2228 Darii
1089 2206 1119 2228 et
1145 2199 1285 2239 Parmyis

773 2240 864 2276 filius,
888 2241 938 2270 vii.
962 2244 1010 2271 78.
1046 2240 1108 2271 dux
1135 2241 1285 2272 NIoscho-

772 2293 842 2312 rum
855 2291 885 2313 et
897 2283 1136 2320 Tibarenorum‚
1147 2283 1220 2314 ibid.

730 2325 830 2357 Arion
865 2325 1112 2367 Mzffiymnaeus,
1145 2326 1285 2358 citharoe-
