1553 2739
217 318 260 346 56

260 396 380 430 reditus
392 402 424 428 et
447 395 513 427 auri
536 395 707 432 thesaurus,
731 395 772 425 iii.

262 444 315 478 95,
341 444 391 472 96.
413 447 512 470 statua
535 439 600 479 ejus
614 437 774 479 equestris,

260 483 304 515 iii.
317 486 367 513 88.
396 480 597 523 pecuniarum
622 491 674 521 spe
694 480 773 510 frus·

260 533 361 556 tratus
385 523 524 565 sepulcro
549 522 720 553 Nitocridis
741 534 773 552 a-

258 576 361 611 pert0,
372 567 392 597 i.
407 570 474 597 187.
487 564 570 596 unde
585 565 716 596 Graeciae
727 565 773 596 in-

258 610 374 642 fensior
397 608 544 644 redditus,
570 608 622 638 vii.
646 611 674 638 1.
708 607 774 649 ejus

258 651 418 694 expeditio
429 651 461 682 in
474 650 611 691 Scythas,
625 649 666 681 iv.
681 654 710 687 1,
723 654 775 687 85,

262 700 314 732 86,
329 702 379 725 etc·
395 696 469 725 Alia
479 696 627 736 :jassaria
635 701 699 736 prae
709 695 775 723 aliis

261 745 415 770 memoratu
425 740 510 778 digna
521 738 595 772 vide,
608 736 638 767 ii.
651 739 663 765 1
674 739 719 766 10.
734 736 776 766 iii.

263 785 314 812 88.
335 781 374 810 iv.
390 783 441 810 44.
462 782 512 809 88.
528 781 596 809 135.
622 781 777 815 v.11‚12.

262 824 316 854 vii.
333 827 401 854 194.
415 826 478 852 item
487 823 608 863 quaedam
622 824 679 863 ejus
693 824 779 858 dicta,

263 867 307 898 iii.
322 869 393 897 160.
419 864 461 895 iv.
483 868 551 894 143.
576 875 605 894 v.
622 866 690 894 105.
712 864 777 904 ejus

262 919 337 940 cum
368 906 553 947 Idanthyrso
587 906 776 947 colloquium

263 962 321 994 per
329 950 484 993 quendam
494 949 642 990 equitem,
652 949 692 979 iv.
706 952 775 986 126,

266 998 338 1025 127.
368 994 434 1034 ejus
456 992 555 1022 oratio
580 1002 638 1033 pro
652 1002 776 1022 monar-

265 1037 346 1074 chia,
372 1036 413 1065 iii.
438 1038 487 1064 82.
517 1034 616 1064 oratio
639 1033 776 1075 ejusdem

264 1080 306 1110 ad
341 1078 492 1120 primores
533 1079 697 1107 Persarum
739 1077 777 1107 de

265 1125 377 1154 Oroete
401 1119 627 1156 interficiendo,
650 1119 694 1149 iii.
709 1123 778 1150 127.

263 1165 365 1196 oratio
387 1162 427 1193 ad
451 1163 540 1192 Iones
558 1162 596 1192 de
618 1170 713 1203 ponte
738 1162 776 1192 ad

263 1208 377 1239 istrum
409 1204 618 1240 custodiendo,
655 1204 695 1235 iv.
724 1208 775 1236 98.

260 1250 377 1282 Darius
390 1247 546 1289 quondam
557 1246 719 1288 Cambysis
732 1258 778 1277 sa-

262 1292 363 1329 telles,
375 1292 416 1321 iii.
433 1294 501 1321 139.
522 1289 600 1320 bene
615 1289 653 1319 de
667 1300 698 1320 se
713 1300 778 1320 me-

264 1336 342 1366 ritos
353 1339 540 1368 remunerat,
551 1332 592 1362 iii.
603 1336 672 1362 140.
686 1343 715 1362 v.
729 1335 777 1362 11·

263 1379 370 1409 luxato
384 1375 463 1417 pede
475 1386 492 1405 a
502 1375 681 1405 Democede
695 1385 780 1405 sana-

265 1429 330 1456 tur,
351 1427 381 1449 et
407 1425 476 1449 acta
497 1428 568 1447 cum
582 1428 631 1453 eo,
652 1417 693 1447 iii.
711 1421 781 1453 129,

267 1467 341 1499 130,
357 1465 428 1497 131,
441 1468 490 1490 etc.
515 1458 709 1500 Babylonem
724 1459 781 1490 ob-

265 1505 355 1541 sidet,
382 1503 474 1545 capit,
502 1510 534 1533 et
559 1502 654 1532 diruit
676 1510 781 1542 portas

264 1557 443 1587 murosque,
468 1545 511 1575 iii·
530 1548 600 1581 150,
625 1548 694 1579 151,
712 1548 783 1580 152,

265 1598 316 1621 etc.
338 1589 430 1619 Indos
445 1586 581 1629 subegit,
593 1587 636 1616 iii·
652 1591 702 1617 44.
717 1587 782 1627 ejus

261 1632 392 1664 crudele
406 1631 533 1665 factum,
547 1629 588 1659 iv.
603 1633 652 1659 84.
674 1640 692 1659 a
707 1630 781 1660 Ma-

268 1673 436 1706 cedonibus
451 1672 549 1714 poscit
572 1680 687 1702 terram
703 1679 734 1701 et
750 1682 781 1701 a-

267 1728 374 1753 quam,
399 1728 430 1746 v·
449 1719 496 1745 17.
521 1722 552 1744 et
567 1725 584 1744 a
599 1714 727 1750 Graecis,
741 1714 782 1744 vi.

268 1755 320 1791 48.
342 1759 394 1789 vii.
411 1762 479 1789 133.
504 1757 569 1798 ejus
593 1764 720 1786 moneta
745 1767 782 1787 ex

267 1813 346 1834 auro
371 1802 478 1843 puriss.
504 1799 545 1829 iv.
562 1802 630 1830 166.
652 1799 717 1839 ejus
739 1798 782 1828 le-

267 1845 334 1888 gati
349 1856 366 1875 a
382 1842 498 1875 Graecis
512 1842 543 1872 in
558 1840 739 1871 barathrum
753 1849 783 1871 et

266 1896 400 1931 puteum
414 1884 626 1927 projiciuntur,
642 1883 694 1914 vii.
711 1887 781 1914 133-

269 1932 334 1973 ejus
350 1928 461 1964 obitus,
475 1927 527 1958 vii.
544 1931 574 1956 4.

224 1974 340 2006 Darius
362 1970 476 2003 Xerxis
499 1969 580 2000 filius
593 1970 784 2009 Artayntam

270 2015 366 2051 ducit,
387 2014 426 2044 ix.
440 2016 509 2044 108.

225 2057 380 2098 Dascylus
393 2055 493 2097 Gygis
507 2062 606 2096 pater,
617 2054 635 2084 i.
650 2057 680 2084 8.

228 2099 420 2141 Dascylium,
451 2097 524 2128 urbs
548 2097 590 2127 iii.
614 2100 685 2127 120.
716 2100 786 2128 126.

272 2145 314 2174 vi.
332 2146 382 2173 33.

227 2186 320 2218 Datis
356 2182 474 2215 Medus
510 2189 617 2213 contra
643 2181 785 2212 Athenas

270 2229 380 2259 missus
402 2238 418 2257 a
432 2225 541 2261 Dario,
565 2225 607 2254 vi-
625 2229 673 2255 94.
696 2235 784 2254 revo-

272 2280 322 2303 cat
335 2269 443 2300 Delios
464 2276 551 2298 metu
562 2266 716 2308 fugientes
739 2266 784 2307 ip-

272 2325 352 2350 sunt,
365 2312 406 2343 vi·
421 2315 472 2344 97.
492 2310 643 2342 visionem
658 2309 688 2341 in
704 2319 784 2340 som-

685 311 921 342 INDEX.

852 394 900 425 nis
913 393 1009 431 videt,
1034 393 1076 426 vi.
1100 397 1171 425 118.
1209 395 1274 437 ejus
1295 395 1363 432 filii,

853 437 906 467 vii.
918 440 969 466 88.

811 480 912 510 Datus
925 490 996 520 opp.
1008 478 1048 510 ix.
1063 482 1112 510 75.

811 522 997 552 Dauliorum
1020 521 1174 564 oppidum
1197 522 1367 561 incensum,

853 564 916 595 viii.
931 567 983 595 35-

810 607 957 638 Daurises
967 605 1057 637 Darii
1069 617 1175 648 gener,
1188 618 1216 638 v.
1229 611 1296 638 116.
1312 607 1365 638 ad-

854 660 960 680 versus
974 648 1098 680 Cariam
1111 650 1222 688 tendit,
1237 654 1307 681 121.
1319 651 1366 681 in-

854 692 974 729 teritus,
986 691 1060 722 ibid.

812 734 956 771 Decelea‚
976 734 1015 764 ix.
1032 736 1080 764 15.
1095 736 1147 765 73.

813 777 956 814 Decelus,
977 777 1016 807 ix.
1031 779 1081 807 73.

812 819 1031 850 Decelensium
1055 819 1135 849 circa
1163 818 1294 851 Helenae
1319 819 1366 850 in-

856 862 1093 903 vestigationem
1105 869 1184 898 acta,
1197 861 1236 892 ix.
1252 867 1302 894 73.
1315 873 1366 893 eo-

856 915 928 936 rum
936 905 967 934 in
979 906 1089 946 Sparta
1099 904 1298 946 vectigalium
1310 905 1366 935 im-

855 947 990 978 munitas
997 954 1028 978 et
1033 946 1166 988 dignitas
1173 947 1369 988 praesfflendi,

857 989 931 1020 ibid.

814 1031 990 1064 Decelensis
1004 1030 1148 1073 populus,
1168 1031 1242 1062 ibid.

813 1075 944 1106 Decima
958 1074 1158 1104 redemtionis
1172 1075 1367 1116 captivorum

856 1124 1038 1158 conscnpta,
1061 1128 1095 1146 v.
1108 1120 1158 1147 77.

813 1159 952 1190 Decimae
967 1158 1167 1200 pecuniarum
1189 1169 1226 1190 ex
1247 1159 1371 1201 praedis,

854 1201 906 1232 vii.
919 1206 969 1233 27.

814 1245 980 1276 Decimum
996 1255 1150 1286 quemque
1164 1252 1245 1274 sorte
1267 1255 1369 1275 come-

858 1287 936 1318 dunt
951 1287 1032 1317 inter
1047 1298 1078 1317 se
1105 1286 1267 1327 Cambysis
1287 1287 1370 1317 mili-

858 1337 904 1360 tes
916 1329 998 1360 fame
1013 1329 1123 1366 adacti,
1135 1329 1175 1359 iii.
1190 1332 1242 1360 25.

816 1373 948 1403 Deioces
963 1372 1122 1402 Phraortis
1145 1371 1187 1402 fil.
1212 1372 1230 1401 i.
1248 1375 1298 1407 16,
1319 1375 1372 1408 37,

861 1419 911 1446 96.
933 1415 980 1445 vir
999 1414 1117 1456 sapiens
1131 1422 1161 1444 et
1174 1414 1251 1455 juris
1265 1414 1371 1444 dicun-

861 1457 892 1487 di
907 1457 1035 1498 perstus,
1057 1456 1076 1486 i.
1090 1461 1142 1488 96.
1174 1457 1213 1487 ad
1234 1457 1374 1498 tyranni-

861 1500 933 1530 dem
949 1499 1122 1529 Medorum
1137 1510 1200 1540 quo
1215 1510 1372 1530 commen-

861 1550 895 1573 to
907 1542 1060 1583 pervenit,
1073 1542 1091 1571 i.
1106 1546 1158 1578 97,
1172 1545 1221 1573 98.
1235 1553 1288 1572 rex
1299 1543 1373 1572 Me-

863 1585 975 1615 dorum
990 1583 1171 1621 declamtus,
1184 1584 1202 1614 i.
1215 1588 1264 1616 98.
1286 1583 1324 1614 ab
1336 1595 1374 1615 eo

862 1637 994 1668 regnum
1005 1626 1164 1657 obtinente
1170 1634 1247 1662 acta,
1255 1634 1286 1656 et
1296 1638 1373 1667 quo-

862 1669 957 1699 modo
973 1668 1168 1699 severitatem
1183 1669 1215 1699 in
1230 1679 1373 1699 exercen-

863 1712 1025 1753 dajustitia
1037 1711 1216 1747 exercuerit,
1229 1711 1249 1741 i.
1261 1715 1312 1748 98,
1321 1716 1375 1747 99,

865 1758 936 1790 100,
954 1757 1023 1784 101.
1052 1754 1117 1794 ejus
1141 1763 1226 1784 mors
1248 1761 1279 1784 et
1300 1754 1371 1784 anni

861 1796 959 1837 regni,
977 1796 994 1826 i.
1013 1800 1080 1826 102.

819 1839 1002 1880 Deiplionus
1026 1838 1137 1868 Euenii
1167 1838 1248 1869 filius
1272 1837 1374 1880 Apol-

861 1881 986 1918 loniata‚
997 1881 1036 1912 ix.
1051 1885 1101 1912 92.

820 1923 946 1965 Delphi,
972 1924 992 1954 i.
1005 1927 1056 1955 51.
1077 1923 1117 1954 ad
1130 1934 1182 1954 eos
1203 1923 1294 1954 missa
1319 1923 1375 1954 do-

863 1966 950 1997 naria
964 1977 981 1997 a
996 1969 1100 2008 Gyge,
1120 1966 1139 1996 i.
1157 1970 1204 1996 14.
1225 1977 1243 1996 a
1258 1967 1375 2002 Croeso,

864 2009 883 2039 i.
898 2013 950 2046 50,
974 2013 1027 2046 51,
1048 2012 1099 2040 52.
1132 2009 1215 2050 apud
1235 2008 1377 2049 Delphos

863 2052 982 2094 primus
996 2051 1063 2093 quis
1080 2062 1210 2082 munera
1230 2051 1378 2092 posuerit,

863 2095 882 2124 i.
908 2099 956 2124 14.
990 2095 1022 2124 in
1045 2104 1210 2124 numerum
1235 2093 1374 2134 Delpho-

864 2148 934 2168 rum
951 2135 1079 2167 adscribi
1095 2135 1212 2166 volenti
1234 2137 1283 2177 jus
1306 2146 1376 2176 per-

864 2187 995 2221 petuum
1032 2178 1140 2208 datum
1177 2177 1300 2208 cuilibet
1337 2178 1376 2209 de

865 2222 973 2262 Lydis,
988 2221 1006 2251 i.
1020 2225 1069 2252 54.
1084 2220 1201 2262 Delphi
1216 2219 1375 2251 oraculum

864 2275 922 2306 pro
948 2275 978 2294 se
1000 2272 1031 2294 et
1058 2263 1181 2294 Graecia
1203 2262 1377 2297 consulunt,

864 2307 916 2339 vii.
933 2310 968 2338 17
973 2310 1001 2338 8.
1023 2313 1160 2338 extreme
1175 2304 1376 2337 formidantes
