1553 2739
646 295 880 328 INDEX.

229 379 346 425 Apollo
371 379 526 417 Ismenius,
561 379 581 411 i.
607 384 655 413 952.
677 381 740 411 viii.

233 430 300 456 1:.34
321 423 603 471 ejustemplun1‚v
613 427 663 454 59.
678 423 740 453 viii.

224 472 301 498 134.
324 465 441 508 Apollo
455 466 612 507 Triopius,
635 466 654 495 i.
672 469 740 495 144·

229 510 384 551 Apollinis
406 508 564 539 oraculum
585 508 666 549 apud
682 508 741 537 AE-

229 522 317 593 gyp.pt
350 552 382 581 ii.
407 554 458 581 83.
487 550 616 592 Apollo,
647 550 742 581 Osiris

229 594 312 635 apud
327 594 415 634 AEgy
418 600 461 641 pt.
480 603 533 623 seu
522 563 689 633 pDionysi,
711 600 741 622 et

229 636 315 666 Isidis
336 635 427 672 filius,
451 636 481 665 ii.
498 638 566 666 156.
588 637 742 665 aLatona

229 678 348 708 nutrice
360 677 539 714 occultatus,
549 677 622 707 ibid.
643 676 743 718 Apol—

230 719 260 750 lo
276 720 315 750 ad
339 720 574 761 NIetapontinos
589 719 668 750 solos
683 721 742 749 lta-

230 762 333 792 lnrum
349 763 443 798 venit,
465 762 497 792 iv
522 764 590 792 155.
616 761 745 803 Apollo,

230 805 420 845 AEgyptiace
436 807 528 841 Orus,
541 805 570 834 ii.
586 808 652 835 156.
670 806 743 844 Scy-

231 847 322 883 thice,
347 848 535 886 OEtosyrUS‚
559 847 598 876 iv.
613 849 664 878 59.
696 849 743 876 A·

231 888 352 930 pollinis
365 889 517 930 templum
531 890 623 925 Buto,
634 889 662 918 ii.
674 892 742 923 155,

234 935 302 962 156.
318 931 470 972 Apollinis
482 931 635 972 templum
648 942 664 961 a
677 931 744 961 Mi-

231 974 310 1004 lesiis
334 981 496 1010 structum,
521 973 549 1004 ii.
572 977 622 1004 78.
644 973 744 1014 Apol-

231 1016 299 1046 linis
333 1016 497 1046 delubrum
534 1017 616 1058 apud
647 1016 742 1050 Abas,

229 1058 292 1088 viii.
307 1063 357 1089 83.
380 1058 479 1088 cultus
494 1060 623 1099 Spartae,
640 1058 680 1088 vi.
695 1062 744 1089 57.

231 1100 386 1141 Apollinis

234 1145 303 1174 135.
326 1143 481 1184 Apollinis
501 1142 579 1178 fons,
611 1144 652 1173 iv.
677 1147 744 1173 158.

232 1185 390 1226 Apollinis
422 1185 619 1215 simulacrum
663 1186 744 1232 apud

232 1228 437 1258 Laconicam
430 1238 460 1257 in
473 1227 647 1264 Thornace,
662 1239 680 1256 ι.
694 1232 744 1258 69.

233 1270 387 1311 Apollinis
403 1281 488 1299 arma
514 1279 622 1317 sponte
649 1281 742 1312 appa-

233 1313 331 1342 rentia
346 1312 486 1359 Delphis,
500 1324 562 1342 vm.
576 1317 626 1343 37.

184 1354 362 1395 „Apollonio
384 1366 414 1384 in
436 1357 539 1386 Ponto
554 1355 684 1391 Euxino,
703 1354 745 1384 iv.

236 1402 276 1429 90
299 1405 329 1428 et
346 1402 396 1428 93.

193 1439 361 1481 Apollonia
386 1440 415 1469 in
432 1439 497 1470 sinu
521 1440 617 1477 Ionio,
641 1439 681 1469 iv.
697 1444 744 1471 91.

237 1482 289 1512 ubi
304 1493 395 1512 sacroe.
412 1483 480 1512 solis
495 1494 578 1518 oves,
592 1482 630 1513 ix.
645 1486 694 1513 93.

193 1524 407 1565 Apolloniates
422 1536 504 1566 ager,
527 1525 601 1555 ibid.

193 1566 426 1609 Apollophanes
449 1567 569 1598 Bisaltis
588 1574 686 1609 pater,
707 1567 748 1597 vi.

238 1613 289 1640 26.

193 1651 358 1693 Apologus
371 1652 450 1693 Cyri
471 1651 510 1682 ad
525 1653 619 1688 lones,
643 1652 662 1681 i.
681 1656 748 1682 141.

193 1695 308 1736 Apries
320 1695 455 1736 AEgypti
470 1705 532 1730 rex,
551 1695 700 1725 Psammis
711 1695 748 1725 fi-

237 1737 303 1773 lius,
337 1747 447 1779 regum
480 1737 574 1778 longo
607 1745 747 1778 tempore

235 1779 503 1815 fortunatissimus,
537 1779 567 1809 ii.
595 1783 662 1810 161.
700 1790 747 1810 res

236 1821 275 1852 ab
291 1832 327 1852 eo
339 1830 444 1863 gestae‚
469 1821 542 1852 ibid.
566 1822 638 1852 Afri
651 1824 748 1862 Cyre-

235 1875 343 1895 nenses
365 1864 403 1894 ad
427 1875 499 1894 eum
521 1865 678 1900 deficiunt,
709 1865 750 1895 iv.

238 1911 308 1938 159.
323 1907 361 1938 ab
371 1918 407 1937 eo
417 1907 562 1948 AEgyptii
572 1906 750 1944 desciscunt,

238 1960 312 1990 rege
348 1949 446 1980 electo
472 1949 592 1985 Amasi,
624 1950 651 1980 ii.
679 1953 749 1986 161,

239 1996 308 2022 162.
329 1991 382 2022 Ab
397 1992 505 2022 Amasi
516 1992 625 2032 proelio
640 1992 747 2029 victus,

236 2042 268 2064 et
284 2034 373 2065 vivus
395 2042 510 2076 captus,
536 2035 566 2064 ii.
584 2039 651 2066 169.
683 2034 749 2075 ejus

236 2076 377 2108 interitus
392 2085 423 2107 et
438 2077 605 2118 sepultura,
623 2076 696 2107 ibid.

195 2119 354 2162 Apsinthii
379 2131 409 2150 v.
423 2119 580 2150 Absinthii
602 2120 748 2156 Thraces,

238 2162 280 2192 vi.
304 2167 353 2193 34.
398 2162 559 2193 Plesthoro
595 2162 747 2203 indigenae

237 2204 306 2241 deo,
321 2204 502 2236 Oeobazum
517 2204 690 2242 immolant,
711 2205 748 2236 ix.

194 2292 289 2330 Aqua
304 2290 471 2320 sacrificant
496 2291 607 2326 Pei-sm,
634 2289 653 2319 i.
681 2293 748 2320 131.

238 2342 316 2375 aqua
331 2333 487 2375 quomodo
511 2332 697 2375 importetur
717 2332 746 2364 ln

420 1101 491 1131 Ptoi
523 1101 642 1137 fanum,
682 1101 750 1131 viii.

1295 299 1338 327 ,18

823 379 907 412 arida
922 378 1018 421 Syriae
1032 378 1141 417 loca,'’
1122 379 1163 410 ιιι.
1174 383 1203 411 6.
1224 390 1337 422 aquam

823 423 854 453 in
869 422 953 452 arida
968 421 1034 452 loca
1047 422 1204 463 quomodo
1225 423 1336 465 depor-

823 465 896 495 tarit
917 475 984 513 per
1022 464 1159 495 canalem
1191 465 1337 497 Arabum

823 517 885 543 rex,
904 507 946 537 iii.
963 511 991 538 9.
1009 517 1087 548 aqua
1102 507 1244 548 quaedam
1259 508 1337 540 adeo

823 548 968 586 invalida,
994 556 1028 579 ut
1048 549 1125 580 nihil
1150 560 1241 591 super
1266 561 1336 581 eam

823 591 960 622 innatare
976 591 1080 633 possit,
1102 592 1154 622 sed
1169 592 1272 623 omnia
1286 593 1338 624 vel

823 633 908 675 ligno
935 633 1050 664 leviora
1085 634 1116 664 in
1147 634 1338 675 profundum

823 684 905 712 eant,
919 676 958 705 iii.
975 680 1022 706 23.
1047 687 1124 718 aqua
1139 677 1264 707 fontana
1279 679 1338 708 mi-

822 728 866 749 1·ae
892 719 975 759 apud
999 719 1185 749 Ammonios
1211 727 1340 757 naturae,

823 761 864 791 iv.
878 764 945 791 181.
957 761 1014 791 alia
1029 761 1143 797 similis,
1160 762 1199 792 iv.
1218 765 1285 793 182.
1306 774 1339 793 a·

823 814 886 844 qua
898 804 1010 845 Stygis,
1021 803 1061 833 iv.
1077 806 1126 834 74.
1142 814 1258 845 perque
1270 815 1340 836 eam

817 846 1046 887 jusjurandum,
1080 845 1153 876 ibid.
1189 846 1270 877 miro
1296 847 1338 878 la-

825 887 900 918 bore
915 895 946 918 et
961 888 1104 929 impensis
1119 888 1216 931 petita
1232 888 1269 920 ab
1285 891 1338 920 Sa-

783 973 999 1013 Aquiminaria
1023 972 1163 1015 Delphos
1188 984 1206 1003 a
1231 975 1339 1006 Croeso

825 1015 924 1051 missa,
939 1015 957 1045 i.
972 1018 1022 1046 51.

782 1060 850 1088 Ara
864 1058 994 1099 Delphis
1017 1069 1034 1089 a
1054 1058 1140 1089 Chiis
1162 1058 1284 1096 donata,
1307 1060 1340 1090 ii.

828 1103 895 1130 135.
918 1111 969 1130 ara
983 1100 1139 1142 Apollinis
1164 1101 1202 1131 ab
1215 1102 1340 1133 Aristea

824 1143 923 1172 extrui
944 1143 1033 1184 jussa,
1057 1143 1097 1173 iv.
1116 1147 1182 1175 155.
1206 1154 1257 1174 ara
1281 1146 1340 1175 Di-

825 1194 891 1215 anae
917 1185 1084 1221 Orthosiae,
1112 1185 1151 1215 iv.
1170 1190 1220 1217 87.
1255 1187 1340 1217 Jovie

824 1226 958 1263 forensis,
982 1239 1009 1258 vv
1025 1231 1074 1258 46.
1099 1238 1151 1258 ara
1166 1229 1264 1258 ventis
1279 1238 1338 1260 sta-

825 1276 892 1298 tuta
918 1270 948 1299 in
970 1270 1083 1311 Thyiae
1099 1270 1174 1306 aede,
1201 1271 1253 1301 vii.
1271 1276 1340 1303 178.

826 1322 877 1341 ara
892 1313 1044 1348 Herculis,
1061 1313 1103 1342 vii
1131 1316 1198 1344 176.

784 1356 865 1383 Aras
880 1365 941 1384 non
956 1363 1102 1385 extruunt
1116 1357 1228 1392 Persae,
1239 1356 1248 1386 i
1270 1361 1339 1388 131.

827 1406 892 1426 aras
913 1397 1005 1438 primi
1031 1405 1164 1428 statuere
1180 1399 1337 1440 AEgyptii

826 1438 856 1468 ii.
871 1442 900 1468 4.
925 1450 985 1469 arae
1011 1448 1041 1470 et
1057 1439 1185 1470 delubra
1210 1450 1339 1482 praeter-

827 1491 919 1521 quam
937 1483 1037 1513 Marti
1059 1482 1090 1513 in
1106 1483 1230 1524 Scythia
1244 1484 1338 1520 nulla..

827 1523 867 1553 iv.
882 1527 932 1555 59

786 1565 912 1596 Arabiae
928 1566 1002 1597 situs
1027 1575 1057 1597 et
1073 1567 1170 1609 qualis
1194 1578 1229 1598 ea
1252 1569 1339 1609 regio

828 1608 868 1638 iii.
893 1612 965 1639 107.
1008 1610 1072 1650 ejus
1103 1611 1340 1652 jucundissimus

827 1650 914 1687 odor,
930 1651 970 1681 iii.
987 1655 1054 1682 11).

785 1693 912 1724 Arabiae
927 1704 1027 1730 mons,
1039 1695 1068 1725 ii.
1085 1698 1114 1724 8.

785 1735 912 1766 Arabiae
927 1736 1073 1773 humus,
1064 1737 1093 1766 ιι.
1113 1741 1160 1767 1‘2.

786 1778 907 1809 Arabes
932 1789 1002 1808 cum
1018 1779 1197 1810 mulieribus
1223 1780 1282 1810 suis
1304 1788 1339 1812 ut

826 1821 1020 1858 misceantur,
1036 1822 1055 1852 i.
1072 1826 1140 1853 198.
1154 1824 1287 1852 maxime
1303 1824 1340 1853 fi-

827 1863 899 1893 dem
932 1872 1053 1895 servant
1085 1865 1166 1894 inter
1191 1865 1342 1901 homines,

827 1905 868 1935 iii.
884 1910 910 1935 8.
935 1905 1056 1937 foederis
1070 1908 1151 1947 apud
1166 1917 1217 1937 eos
1231 1907 1339 1937 ineun-

828 1948 859 1977 di
874 1959 951 1984 mos,
974 1948 1047 1979 ibid.
1080 1949 1176 1979 Dario
1200 1950 1340 1980 immori-

827 1990 905 2031 geri,
928 1990 968 2020 iii.
983 1995 1031 2021 88.
1063 1991 1254 2022 tributorum
1281 1992 1340 2022 im·

826 2043 944 2069 munes,
970 2033 1011 2064 ιιι.
1027 2038 1076 2066 91.
1103 2034 1249 2074 Cambysi
1275 2035 1339 2064 adi-

828 2082 895 2104 tum
911 2076 1075 2117 permisere
1101 2077 1131 2107 in
1147 2077 1229 2119 AEg)
1229 2084 1339 2117 ptum,

828 2117 868 2147 iii.
885 2123 913 2154 9,
927 2122 966 2147 88
998 2119 1123 2150 millena
1138 2120 1252 2150 talentu
1265 2119 1337 2149 thu-

827 2160 867 2190 ris
882 2161 977 2191 Dario
992 2163 1141 2203 pendunt,
1162 2162 1204 2192 ιιι.
1218 2166 1267 2193 99.
1290 2164 1339 2192 A-

828 2203 959 2233 rabum
952 2215 982 2233 in
999 2205 1133 2235 exercitu
1147 2204 1262 2235 ‘Xerxis
1276 2205 1339 2235 dux

828 2253 858 2274 et
874 2254 1038 2282 armatura,
1056 2247 1106 2277 vii.
1120 2252 1170 2278 69.

785 2287 905 2360 Arlabes
920 2289 1042 2320 camelis
1056 2290 1210 2322 vehuntur
1225 2289 1256 2321 in
1272 2288 1339 2321 hel-2

840 2342 866 2367 o,
892 2330 942 2361 vii.
955 2335 1004 2362 86.
