1553 2739
656 314 890 346 INDEX.

179 405 284 445 Cyrus
298 412 356 444 quae
374 401 526 443 prudenter
539 399 656 437 dixerit,
674 412 734 430 cum

219 446 300 481 alibi,
327 451 386 475 tum
411 443 449 474 ix.
480 445 529 473 ult.
558 442 635 482 Cyri
660 450 734 484 pru-

217 490 310 518 dentia
356 485 387 516 in
426 484 593 516 alienandis
626 484 735 514 animis

220 533 386 561 Persarum
419 538 437 558 a
463 527 584 564 Medis,
615 526 634 556 i.
664 529 733 562 125,

222 576 293 608 126,
324 575 392 601 127.
420 577 446 601 et
467 573 496 600 in
522 583 550 599 eo
573 572 646 610 quod
664 582 735 599 com-

219 621 323 645 mentus
339 620 388 649 est,
402 619 438 643 ut
453 614 560 643 Persas
575 611 614 642 ad
636 610 735 642 rebel-

220 657 347 688 landum
374 655 543 690 induceret,
570 654 589 684 i.
616 656 686 691 125,
710 661 736 684 et

219 707 309 730 tamen
335 700 418 728 stulte
442 697 548 738 Gyndi
571 696 655 726 amni
676 696 734 726 mi-

219 748 323 777 natur,
339 741 357 771 i.
370 744 437 771 189.
448 749 573 769 omnem
585 739 693 769 Asiam
703 749 734 768 a-

220 784 342 825 deptus,
353 783 372 813 i.
389 786 457 813 130.
470 782 535 823 ejus
547 792 618 812 cum
629 783 735 813 Croeso

219 825 376 868 proelium,
400 825 418 855 i.
431 828 481 860 76,
506 832 553 854 etc.
579 831 613 855 ut
636 835 666 854 se
682 823 735 853 ad-

220 879 326 899 versus
343 869 484 899 Croesum
499 866 626 908 gesserit
641 869 669 896 in
684 869 736 896 iis-

220 914 278 941 dem
304 923 396 952 usque,
421 914 471 941 91.
506 917 541 939 ut
565 920 594 940 se
610 909 736 950 gesserit

221 961 328 984 contra
357 952 540 983 rebellantes
564 952 682 992 Lydos,
714 951 734 981 i.

224 1000 293 1032 154,
319 1003 368 1026 etc.
411 995 477 1036 ejus
512 994 662 1035 apologus
698 994 736 1023 ad

220 1040 318 1074 Ionas,
352 1038 372 1067 i.
396 1041 465 1067 141.
498 1037 618 1067 Smerdi
643 1047 737 1077 mago

210 1091 310 1111 ⁴aures
325 1087 475 1121 amputat,
492 1079 532 1109 ii—i.
547 1084 597 1111 69.
618 1078 736 1108 bellum

221 1123 366 1154 adversus
378 1122 577 1163 Labynitem‚
590 1129 621 1152 et
636 1121 736 1162 Baby-

224 1165 332 1202 lonios,
351 1175 490 1206 quorum
517 1164 628 1194 urbem
645 1164 737 1205 capit,

224 1208 244 1238 i.
263 1211 332 1244 188,
350 1211 418 1243 189,
438 1211 508 1243 190,
525 1211 592 1238 191.
619 1206 735 1236 bellum

223 1257 330 1281 contra
365 1249 532 1290 Tomyrin,
577 1250 736 1290 Nlassage-

223 1301 328 1323 tarum
355 1292 505 1333 reginam,
533 1292 550 1321 i.
566 1295 637 1327 5205,
665 1295 737 1326 206,

222 1343 271 1366 etc.
293 1335 323 1365 in
346 1345 408 1375 quo
434 1333 601 1370 occumbit,
625 1334 643 1363 i.
666 1337 735 1363 214.

198 1377 201 1380 Α
222 1379 268 1408 ubi
282 1385 441 1408 narrantur
465 1385 490 1407 et
505 1390 562 1418 quae
577 1384 639 1407 acta
661 1379 735 1406 circa

221 1423 324 1450 mortui
340 1427 432 1461 caput.

181 1462 321 1504 Cythera
346 1461 443 1492 insula
469 1461 663 1503 Argivorum
691 1461 736 1491 di-

224 1505 324 1540 tionis,
348 1505 367 1534 i.
384 1508 434 1534 82.
457 1504 629 1545 Templum
644 1504 737 1534 habet

223 1547 354 1578 Veneris
369 1547 509 1578 Coelestis
524 1558 560 1576 ex
573 1547 734 1581 Ascalone,

223 1590 242 1620 i.
261 1593 327 1621 105.
351 1600 419 1620 eam
442 1589 661 1619 conducibilius
676 1591 736 1619 La-

223 1632 420 1663 cedaemoniis
445 1631 533 1661 obrui
559 1642 652 1673 quam
686 1642 736 1662 ex-

225 1682 302 1708 tare,
316 1675 367 1705 vii.
383 1678 453 1705 235.

183 1717 322 1758 Cythnii,
335 1727 421 1758 gem,
436 1717 486 1746 vii.
502 1721 550 1747 90.
571 1716 633 1746 viii.
645 1720 695 1746 46.

185 1760 373 1800 Cytissorus‚
401 1759 515 1790 Phrixo
532 1759 666 1799 genitus,
688 1758 736 1788 vii.

226 1806 293 1833 197.
316 1802 381 1842 ejus
396 1809 591 1842 posterorum
615 1801 737 1831 calami-

224 1852 280 1879 tas,
302 1844 373 1874 ibid.

181 1886 343 1927 Cyzicum,
354 1886 424 1917 urbs
433 1885 681 1926 Propontidis‚vi.
689 1890 737 1916 (⁷3.

186 1929 335 1970 Cyziceni
362 1927 477 1959 Oebari
504 1930 604 1958 Persae
628 1939 658 1958 se
684 1929 737 1958 de-

223 1971 310 2007 dunt,
328 1971 400 2001 ibid.
435 1971 664 2011 Cyzicenorum
679 1970 737 2001 fes-

221 2021 290 2045 tum
301 2013 331 2043 in
343 2014 494 2045 honorem
504 2013 619 2044 Matris
633 2013 734 2049 deum,

221 2056 263 2087 iv.
277 2059 327 2088 76.

444 2184 485 2214 D.

180 2270 349 2300 DAcht:
362 2268 503 2309 populus.
515 2268 554 2298 iii.
567 2272 615 2301 91.
627 2277 735 2298 eorum

223 2311 254 2341 in
270 2311 383 2341 Xerxis
407 2312 542 2342 exercitu
559 2312 620 2343 dux
635 2318 666 2343 et
689 2321 736 2341 ar-

226 2361 358 2389 matura,
374 2365 425 2384 vu.
440 2358 489 2384 66.

1293 318 1334 345 85

774 398 939 430 Daedalum
961 396 1094 440 vestigat
1129 397 1249 436 Minos,
1280 398 1332 429 vii.

818 445 887 473 170.

772 484 843 519 Dai,
857 486 1021 515 Persarum
1036 494 1143 525 genus,
1157 482 1176 514 i.
1193 486 1261 515 125.
1275 494 1329 526 pe—

816 526 922 561 cuarii,
937 525 1010 556 ibid.

771 570 888 600 Damas
904 568 1039 609 Samyris
1054 567 1096 599 fil.
1110 567 1150 599 vi.
1167 571 1235 599 127.

771 611 1026 652 Damasithymus
1052 610 1216 642 Candaulis
1237 610 1329 648 filiue,

815 654 876 685 dux
901 653 932 683 in
956 653 1048 683 classe
1064 654 1187 690 Xerxis,
1211 654 1262 684 vii.
1277 658 1328 685 98.

812 695 1077 736 Damasifflymus,
1088 696 1328 736 Calyndensium

813 750 877 776 rex,
891 737 953 769 viii.
968 741 1018 768 87.
1041 739 1197 769 demersus
1211 739 1249 769 ab
1262 741 1326 770 Ar-

813 781 944 818 temisia,
957 780 1030 811 ibid.

771 826 886 855 Damas
902 823 1015 859 Sirites‚
1030 823 1070 853 vi.
1088 827 1156 855 127.

771 867 892 898 Darniae
924 874 955 896 et
980 867 1125 897 Auxesiae
1154 865 1325 903 simulacra,

814 920 842 939 v.
858 913 908 945 8-2,
923 912 972 939 83.

772 953 890 988 Danae,
915 950 1031 981 Acrisii
1045 951 1119 987 filia,
1143 951 1245 982 Persei
1260 961 1325 981 ma-

814 1004 872 1031 ter,
886 994 904 1024 i.
920 997 969 1025 91.
984 993 1024 1023 vi.
1038 996 1105 1024 135.
1121 994 1172 1024 vii.
1185 998 1236 1024 60.
1254 996 1323 1024 150.

771 1039 898 1067 Danaus
912 1044 943 1067 et
956 1038 1102 1077 Lyn'ceus
1125 1036 1324 1073 Chemmitae,

814 1080 844 1109 ii.
859 1083 910 1111 91.

772 1123 896 1152 Danaus
910 1121 1087 1152 Archandri
1096 1132 1189 1157 socer,
1205 1121 1236 1152 ii.
1251 1125 1303 1153 98.

772 1165 872 1194 Danai
909 1164 980 1195 filiae
1009 1164 1257 1205 Thesmophoria
1293 1164 1325 1194 in

815 1209 994 1248 AEgypturn
1021 1206 1163 1243 afferunt,
1201 1207 1229 1236 ii.
1256 1209 1325 1237 171.

813 1250 966 1290 templum
983 1249 1140 1280 Minervae
1152 1249 1235 1290 quod
1250 1248 1328 1279 Lin-

815 1292 845 1322 di
869 1299 923 1327 est,
951 1299 1150 1322 extruxerunt
1174 1291 1253 1322 filios
1267 1293 1327 1322 ΑΞ-

813 1335 903 1376 gypti
918 1334 1081 1375 fugientes,
1094 1333 1123 1364 ii.
1140 1338 1209 1364 182.

772 1377 871 1407 Danai
883 1385 914 1407 et
929 1377 1032 1407 Xuthi
1040 1377 1071 1406 in
1083 1376 1329 1418 Peloponnesum

815 1419 975 1455 adventus,
989 1419 1039 1449 vii.
1055 1423 1105 1450 94.

773 1461 915 1503 Daphnae
933 1461 1078 1498 Pelusiae,
1090 1461 1119 1491 ii.
1133 1465 1183 1498 30,
1203 1466 1272 1494 107.

772 1504 912 1545 Daphnis
923 1503 1106 1544 Abydenus,
1119 1504 1161 1534 iv.
1175 1508 1243 1534 1:38.

772 1547 936 1577 Dardanus
959 1546 1042 1583 urbs,
1066 1558 1096 1577 v.
1114 1551 1182 1577 117.
1208 1555 1329 1578 conter-

815 1589 898 1619 mina
912 1588 1041 1629 Abydo,
1054 1589 1105 1620 vii.
1116 1593 1166 1620 43.

773 1632 938 1667 Dardanei,
954 1632 972 1661 i.
987 1636 1054 1663 189.

773 1675 891 1705 Daritae
908 1674 1050 1716 populus,
1064 1674 1105 1704 iii.
1121 1678 1171 1706 92.

773 1717 885 1748 Darius
908 1728 970 1752 rex,
998 1718 1160 1758 Hystaspis
1186 1716 1277 1754 filius,
1309 1717 1329 1748 i.

819 1764 885 1789 1813.
898 1763 966 1789 ²210.
983 1760 1012 1789 il.
1030 1764 1098 1790 llO·
1112 1761 1151 1790 111.
1164 1764 1212 1791 ΤΟ.
1229 1760 1267 1790 Vi.
1278 1765 1328 1791 98.

816 1802 867 1831 vii.
883 1805 907 1831 1.
922 1802 975 1832 vii.
993 1806 1039 1832 11.
1065 1814 1081 1833 e
1097 1803 1263 1843 conjuratis
1295 1804 1326 1833 in

815 1855 923 1886 magos
944 1844 1003 1875 fuit
1027 1856 1114 1881 unus,
1137 1845 1177 1875 iii.
1193 1850 1241 1875 70.
1263 1848 1327 1876 Da-

816 1887 878 1917 rius
901 1887 982 1917 idem
999 1895 1084 1918 sonat
1108 1887 1191 1929 quod
1218 1889 1329 1929 ἓςξείης,

815 1929 847 1959 id
869 1936 923 1965 est,
948 1932 1089 1967 comitor,
1121 1930 1161 1960 vi.
1185 1934 1234 1961 98.
1264 1930 1330 1971 ejus

816 1982 936 2008 uxores,
960 1971 1000 2002 iii.
1023 1976 1072 2002 88.
1116 1973 1204 2003 Darii
1227 1972 1326 2010 liberi,

816 2014 920 2044 111.12.
942 2014 1027 2044 vli.2
1051 2019 1101 2046 64.
1127 2019 1178 2051 68,
1203 2020 1252 2046 69.
1277 2019 1329 2054 7‘2,

824 2060 873 2087 78.
909 2059 958 2088 97.
991 2061 1060 2088 224.
1111 2057 1174 2087 viii.
1203 2061 1253 2089 89.
1290 2058 1330 2090 ix.

818 2103 887 2131 107-
923 2099 960 2130 de
986 2100 1073 2130 Darii
1095 2100 1203 2130 futuro
1229 2111 1327 2142 regno

817 2141 893 2182 Cyri
917 2142 1002 2178 visio,
1033 2144 1051 2173 i.
1075 2147 1146 2179 209,
1166 2146 1236 2172 210.
1267 2154 1328 2185 qua

815 2192 880 2215 arte
895 2184 934 2214 ad
949 2185 1177 2226 adipiscendum
1194 2196 1327 2226 regnum

814 2238 894 2263 usus,
910 2227 950 2257 iii.
965 2231 1016 2263 85,
1031 2232 1081 2264 86,
1097 2231 1148 2258 87-
1165 2238 1236 2257 eum
1254 2230 1328 2259 Per-

814 2281 854 2300 sae
882 2270 967 2300 aiunt
992 2269 1081 2300 fuisse
1115 2272 1248 2304 κάπηλον
1280 2271 1331 2309 (id

813 2319 861 2348 est,
878 2315 1050 2352 institorem)
1064 2312 1208 2354 quoniam
1225 2314 1329 2343 omnia

814 2355 943 2396 quaestui
960 2355 1104 2392 habebat,
1119 2355 1158 2386 iii.
1173 2359 1223 2387 89.
1239 2357 1327 2389 Darii

855 2407 869 2427 c
886 2400 905 2427 2
