1553 2739
587 272 822 306 INDEX.

125 360 301 394 Aristonice
313 359 440 401 Pythia,
460 358 514 391 vii.
528 362 598 391 140.

124 404 348 446 Aristonymus
359 402 524 436 Clisthenis
532 409 630 445 pater,
640 402 686 433 vi.

124 487 380 530 Aristophantus‚
415 487 551 520 Cobonis
584 495 683 531 pater,

170 531 211 562 vi.
224 535 266 562 66

125 572 367 615 Aristophilides
374 572 617 604 Tarentinorum
628 584 682 604 rex

168 616 210 646 iii.
227 620 296 647 136.

124 658 271 691 Arizanti
287 657 460 689 Medorum
471 668 557 699 gens,
578 658 596 688 i.
614 661 682 688 101.

123 701 243 734 Arizus
257 700 372 742 Gergis
387 708 485 741 pater,
498 700 549 731 vii.
567 704 617 730 82.

125 746 228 778 Arma
242 753 326 773 sacra
347 750 455 783 sponte
479 750 566 774 extra
580 750 682 784 temp-

167 785 256 834 plum
296 784 486 827 Delphicum
521 793 681 828 apparent,

168 828 231 859 viii
247 830 287 859 37

122 870 270 903 :Armenii
285 878 357 900 cum
373 870 479 901 Xerxe
501 869 679 906 militantes

167 913 221 944 vii.
248 915 297 943 73.
336 923 445 943 eorum
469 920 625 944 armatura
649 920 681 944 et

168 955 242 992 dux,
255 954 330 985 ibid.

123 997 269 1030 Armenii
283 997 429 1039 pecuarii‚
443 997 461 1027 i.
479 1001 548 1029 194.
562 1009 592 1028 v.
607 1001 659 1029 49-

122 1040 294 1072 Armfflius
308 1050 409 1076 mons,
425 1041 444 1070 i·
462 1044 512 1070 72.

123 1082 279 1123 Arpoxais
292 1082 435 1124 Targitai
450 1082 532 1123 apud
553 1082 681 1123 Scythas

166 1125 257 1160 filius,
283 1125 324 1155 iv.
351 1128 380 1155 5.
424 1124 462 1155 ab
492 1136 529 1155 eo
558 1125 681 1155 oriundi

169 1167 304 1208 Scythae,
320 1168 360 1197 iv.
375 1172 394 1198 6

121 1211 312 1242 ,Arsamenes
326 1208 413 1239 Darii
429 1208 518 1245 filius,
532 1209 682 1240 Utiorum

167 1260 199 1283 et
215 1253 388 1292 Mycorum
403 1252 476 1287 dux,
491 1252 542 1281 vii.
557 1256 608 1282 68.

121 1296 280 1330 Arsames,
296 1295 428 1336 patei-H.
432 1294 567 1335 ystaspis‚
580 1295 599 1324 i.
611 1299 683 1332 209,

167 1337 219 1368 vii.
236 1341 284 1367 11.
297 1348 372 1367 avus
386 1336 485 1373 Darii,
499 1336 551 1366 vii.
567 1341 640 1367 224.

122 1381 259 1411 Arsames
273 1379 360 1410 Darii
376 1379 458 1409 filius
485 1386 515 1409 et
530 1381 616 1420 Arty
619 1387 680 1410 sto—

166 1432 215 1453 nae
242 1422 330 1462 Cyrii
352 1421 424 1452 filiae
450 1421 511 1452 dux
536 1422 680 1452 Arabum

167 1471 198 1494 et
213 1465 414 1505 AEthiopum,
428 1464 478 1493 vii.
493 1469 543 1496 69.

119 1506 257 1543 Artaba,
268 1517 412 1537 mensura
427 1506 558 1543 Persica,
572 1506 592 1536 i.
609 1510 635 1536 1.
651 1511 679 1536 2.

123 1548 302 1580 Artabanus
315 1549 477 1590 Hystaspis
488 1548 578 1586 filius,
592 1549 681 1579 Darii

164 1591 271 1627 frater,
289 1591 402 1622 Xerxis
415 1599 553 1632 patruus,
575 1591 614 1621 iv.
630 1595 680 1621 83.

164 1633 283 1664 bellum
299 1642 405 1664 contra
431 1634 560 1674 Scythas
582 1634 679 1664 Dario

165 1676 329 1712 dissuadet,
356 1676 396 1706 iv.
411 1679 459 1706 853>
493 1677 558 1716 ejus
582 1677 679 1706 oratio

166 1729 227 1759 qua
254 1719 352 1749 Xerxi
378 1719 530 1749 dissuadet
562 1718 679 1749 bellum

167 1761 283 1791 Graecis
316 1760 441 1797 inferre,
475 1761 526 1791 vii.
558 1765 603 1792 10.
632 1765 678 1791 11.

157 1803 231 1844 -ejus
265 1803 380 1833 mirum
416 1803 447 1833 in
483 1802 558 1834 solio
594 1804 679 1844 regio

165 1845 332 1882 somnium,
355 1846 408 1876 vii.
425 1849 470 1876 17.
489 1850 536 1876 18.
561 1846 628 1887 ejus
642 1847 678 1876 de

165 1887 280 1919 Xerxis
303 1888 508 1929 expeditione,
529 1895 560 1918 et
586 1889 680 1929 copiis

166 1940 300 1971 cumque
338 1931 443 1961 Xerxe
480 1930 681 1971 colloquium,

163 1972 220 2004 vii.
241 1977 293 2009 46,
317 1977 369 2008 47,
397 1976 449 2009 48,
472 1981 521 2004 etc.
565 1975 638 2003 Susa
662 1984 680 2003 a

166 2017 274 2046 Xerxe
288 2015 441 2052 remissu5‚
455 2015 617 2046 commisso
631 2026 679 2046 re-

167 2068 242 2100 guo,
262 2057 315 2089 vii·
331 2061 383 2094 52,
396 2061 448 2089 53-

127 2099 306 2131 Artabanus
327 2100 479 2143 Artyphii
503 2108 600 2142 pater,
624 2099 678 2131 vii.

124 2183 304 2216 Artabanus
329 2184 471 2227 Bagascis
495 2192 594 2227 pater,
629 2185 680 2216 vii.

123 2249 292 2301 Artabates
318 2269 556 2302 Pharnazathris
581 2277 680 2314 pater,

169 2311 220 2342 vii.
235 2315 285 2343 65.

1239 275 1276 304 17

724 359 904 391 Artabazus
918 356 1083 390 Pharnacis
1103 356 1146 389 fil.
1171 356 1212 388 ix.
1224 360 1276 388 40.

763 401 1016 433 Chorasmiorum
1031 408 1063 431 et
1086 400 1276 432 Parthorum

763 445 836 481 dux,
859 444 911 474 vii.
932 448 982 475 66.
1008 443 1156 479 vjii.126‚
1201 454 1274 474 cum

763 486 933 517 Mardonio
944 493 1083 517 remanet
1095 487 1126 516 in
1140 487 1276 527 Europa,

761 529 836 560 ibid.
870 529 1043 560 Potidaeam
1058 528 1187 565 obsidet,
1211 528 1275 559 viii.

765 574 832 602 127.
877 571 1052 612 Olynthum
1085 571 1175 613 capit,
1210 571 1276 602 viii.

764 616 833 644 127.
854 614 893 644 ad
908 614 1080 645 Potidaeam
1095 615 1187 644 maris
1197 621 1275 645 aestu

761 664 793 687 et
807 657 1033 698 restagnatione
1058 655 1139 687 male
1164 656 1274 698 affligi-

762 706 825 735 tur,
856 699 918 730 viii
946 702 1015 730 129.
1050 699 1200 730 dissuasor
1223 710 1273 730 re-

762 741 921 783 linquendi
955 741 987 771 in
1025 742 1146 772 Graecia
1182 743 1274 773 Mar-

761 783 845 814 donii
858 791 889 814 et
902 794 1015 825 pugnae
1028 791 1135 815 contra
1148 787 1275 816 Graecos

761 837 779 856 a
804 827 974 857 Mardonio
1000 826 1209 869 suscipiendae,
1233 828 1274 858 ix.

761 873 813 905 61,
850 873 901 900 66.
929 869 994 910 ejus
1018 869 1104 910 fuga,
1126 869 1273 901 defuncto

762 911 996 948 Mardoni0,1x.
1010 898 1072 943 660
1077 919 1103 942 et
1116 925 1160 953 seq
1164 912 1273 960 -fuga

762 953 919 1002 quomodo
942 965 997 995 per
1015 954 1206 986 Thessaliam
1232 955 1272 987 sit

762 996 891 1037 elapsus,
905 996 946 1028 ix.
960 1000 1009 1028 89.

718 1039 834 1069 Artace
846 1037 951 1075 urbs,
944 1051 984 1070 iv.
995 1039 1125 1076 incensa,
1146 1039 1187 1071 vi.
1201 1045 1251 1071 83.

718 1080 900 1112 Artachaees
934 1081 1021 1113 fossae
1057 1081 1140 1123 apud
1167 1085 1271 1114 Acan-

760 1124 852 1154 thum
865 1123 1011 1155 faciendae
1027 1124 1199 1165 praefectus,
1219 1126 1272 1156 vii.

763 1170 832 1197 117.
853 1167 918 1207 ejus
932 1175 1059 1203 statura,
1072 1167 1145 1198 ibid.
1167 1168 1272 1198 interi-

760 1216 810 1239 tus
836 1216 867 1239 et
882 1209 982 1245 funus,
1010 1209 1082 1239 ibid.
1108 1210 1135 1240 ei
1158 1211 1270 1241 sacrifi-

761 1259 831 1281 cant
842 1252 990 1282 Acanthii
1001 1263 1037 1282 ex
1050 1252 1182 1288 oraculo,
1198 1252 1272 1284 ibid.

718 1294 905 1324 Artachaeus
920 1295 1022 1326 Artaei
1037 1294 1081 1325 fil.
1098 1295 1149 1325 vii·
1168 1299 1217 1325 21.

718 1336 915 1373 Artachaeus,
949 1338 1073 1379 Otaspis
1098 1346 1196 1379 pater,
1221 1338 1273 1369 vii.

760 1383 810 1409 63.

719 1421 903 1452 Artachaeus
916 1423 1082 1463 Artayntae
1098 1430 1196 1465 pater,
1209 1424 1262 1454 viii
1273 1446 1282 1454 .

762 1467 831 1495 1:30.

717 1507 820 1538 Artaei
835 1506 920 1543 olim,
933 1507 984 1548 qui
1001 1509 1113 1544 Persae,
1127 1507 1179 1538 vii.
1196 1512 1248 1540 61.

718 1551 845 1580 Artaeus
858 1549 1016 1581 Artachaei
1032 1558 1129 1590 pater,
1143 1551 1194 1581 vii.
1208 1555 1260 1582 21.

717 1593 845 1622 Artaeus
858 1592 977 1622 Azanis
991 1600 1089 1633 pater,
1110 1594 1161 1623 vii.
1175 1598 1228 1625 66-

717 1636 852 1664 Artanes
866 1634 953 1664 Darii
967 1634 1071 1670 frater,
1089 1635 1141 1666 vii.
1159 1639 1231 1667 224.

717 1678 852 1706 Artanes
866 1677 987 1712 fluvius,
1005 1677 1043 1707 iv.
1058 1681 1109 1708 49.

716 1718 930 1760 Artaphernes
943 1720 1030 1750 Darii
1045 1719 1149 1757 frater,
1172 1722 1272 1752 Sardi-

759 1760 816 1791 bus
836 1761 1008 1802 praefectus‚
1034 1774 1062 1791 v.
1077 1766 1128 1800 25,
1151 1768 1201 1799 30,
1223 1768 1274 1795 73

760 1803 929 1834 solicitatur
963 1803 1000 1835 ab
1026 1805 1209 1848 Aristagora
1234 1808 1273 1838 ad

760 1847 950 1877 reducendos
964 1848 1135 1878 Naxiorum
1161 1849 1275 1888 exules,

761 1899 791 1917 v.
805 1892 855 1918 31
888 1899 948 1919 una
974 1897 1080 1920 contra
1106 1892 1194 1921 Ionas
1217 1892 1271 1922 de-

760 1929 879 1961 lectus·
872 1940 1051 1972 imperator,
1072 1943 1181 1974 resque
1203 1945 1274 1976 ges·

760 1980 813 2009 tae,
837 1984 867 2003 v·
895 1977 964 2004 123
1001 1974 1066 2016 ejus
1092 1976 1130 2006 ad
1151 1977 1275 2008 Arista-

760 2026 869 2056 goram
884 2016 1013 2053 dictum,
1037 2018 1077 2048 vi.
1095 2022 1122 2049 1

720 2058 936 2099 Artaphernes
951 2060 1158 2102 Artaphernis
1183 2061 1275 2099 filius,

763 2107 870 2131 contra
894 2102 1036 2134 Athenas
1063 2110 1093 2133 et
1120 2105 1274 2135 Eretriam

760 2143 876 2179 missus,
898 2143 938 2174 vi.
953 2148 1003 2176 94·
1035 2145 1118 2176 idem
1133 2147 1222 2177 Datis
1237 2146 1276 2178 ad

763 2186 988 2216 Marathonem
1004 2188 1131 2227 collega,
1159 2190 1210 2219 vii.
1226 2193 1276 2220 74.

762 2228 824 2258 dux
839 2229 1002 2268 Lydorum
1017 2238 1048 2260 et
1066 2231 1232 2270 Mysorum
1243 2232 1276 2263 in

763 2271 899 2301 exercitu
916 2272 1039 2308 Xerxis,
1053 2271 1125 2303 ibid.

723 2315 899 2354 Artaycte5‚
934 2313 1109 2387 Chlprasmis
1137 2315 1182 2348 fil.
1215 2316 1278 2349 dux
