1553 2739
225 290 245 318 8
685 289 909 321 INDEX

222 373 403 404 Aimnestus
426 371 588 414 Spaniam,
618 372 778 402 Mardonii

265 415 454 450 interfector,
468 415 507 445 ix.
521 419 570 444 63.
595 415 659 455 ejus
674 414 779 444 interi-

267 465 317 488 tus
332 468 402 488 cum
423 457 568 487 trecentis
582 457 656 492 aliis,
677 455 751 486 ibid.

223 499 387 531 Alabanda
419 499 492 529 urbs
526 498 683 540 Phrygiae,
719 498 781 528 viii.

274 546 342 572 136.

225 584 426 615 Abandenses
440 584 471 613 in
488 582 587 619 Caria,
613 583 664 613 vii.
682 585 749 614 195.

226 627 298 657 Alae
314 626 344 656 in
360 626 495 656 humeris
509 625 594 662 visae,
615 625 633 655 i.
649 629 719 656 209.

226 668 331 700 Alalia
356 679 373 698 a
391 667 626 699 Phocaeensibus
651 667 784 704 condita,

270 711 288 741 i.
312 713 379 741 165.

273 795 404 832 litantes,
425 795 476 825 vii.
490 797 540 826 79.
561 805 669 825 eorum
684 805 784 824 arma-

275 845 344 868 tura
359 845 390 868 et
406 837 479 873 dux,
500 837 572 867 ibid.

230 880 341 912 Alazir
357 881 553 910 Barcaeorum
573 889 636 915 rex,
659 879 701 909 iv.
716 882 784 909 164.

273 923 338 964 ejus
351 922 503 958 interitus,
516 921 588 952 ibid.

232 965 398 1000 Alazones,
421 964 461 994 iv.
479 967 527 999 17,
548 967 598 994 52.

231 1007 325 1038 Albae
340 1007 501 1042 columnae,
520 1006 559 1036 sic
575 1005 677 1036 dictus
690 1004 783 1040 locus,

275 1061 305 1080 v.
322 1053 390 1080 118.

232 1092 335 1123 Albus
356 1101 462 1121 murus
485 1089 722 1132 Memphiticus,
743 1089 783 1119 iii.

231 1177 352 1209 Album
368 1176 449 1212 litus,
467 1177 530 1206 vide
544 1175 574 1205 in
596 1177 699 1205 Leuce
715 1181 788 1204 acte.

234 1220 370 1255 Akaeus,
384 1218 528 1249 Herculis
542 1217 632 1253 filius,
654 1218 670 1247 i.
686 1219 714 1247 7.

235 1262 335 1294 Alcaei
361 1263 462 1302 po'etae
488 1260 623 1301 fuga‚v
602 1262 700 1290 v..95
725 1259 789 1299 ejus

278 1314 363 1334 arma
389 1303 610 1343 suspenderunt
643 1301 673 1331 in
698 1301 788 1342 Sigeo

277 1345 491 1380 Athenienses,
509 1344 581 1374 ibid.

236 1389 421 1419 Alcamenes
429 1387 545 1417 Telecli
559 1386 649 1422 filius,
658 1385 707 1415 vii.
719 1389 788 1415 204.

236 1431 363 1462 Alcetes
382 1437 470 1470 pater
484 1432 645 1469 Amyntae‚
664 1428 725 1457 viii.
740 1432 789 1458 39.

237 1472 415 1503 Alcibiides
430 1471 489 1502 Clix
491 1472 537 1501 iiae
553 1482 589 1511 p·
584 1478 649 1505 .‚ter
666 1470 726 1499 viii.
744 1474 789 1500 17.

237 1515 363 1545 Alcides
378 1514 474 1552 Ageti
489 1521 585 1553 pater
605 1513 643 1541 vi.
658 1517 687 1542 (3.

238 1557 440 1588 Alcimochus
455 1555 615 1596 Euphorbi
632 1566 683 1595 pi.
672 1562 729 1590 ter,
750 1555 790 1584 vi.

285 1603 352 1629 101.

237 1642 379 1674 Alcimus
395 1639 551 1670 Mentoris
565 1646 661 1680 pater,
677 1639 707 1668 ii.
721 1643 749 1670 7.

237 1685 368 1716 Alcinor
393 1690 423 1712 et
447 1682 613 1714 Chromius
628 1681 752 1722 Argivi,

283 1731 333 1756 82.

237 1768 403 1800 Alcmaeon
441 1766 595 1807 Nlegaclis
630 1765 721 1802 filius,
751 1766 790 1796 vi.

284 1814 351 1842 125.
366 1811 429 1851 ejus
442 1809 575 1839 officium
590 1819 663 1849 erga
674 1809 790 1848 Lydos,

282 1862 312 1884 et
337 1852 434 1884 Croesi
466 1853 496 1880 in
519 1862 590 1881 eum
612 1851 651 1880 ob
672 1851 703 1880 id
723 1861 791 1880 mu-

280 1895 444 1930 nificentia,
475 1893 548 1923 ibid.
580 1893 736 1934 quomodo
762 1905 791 1922 se

281 1949 356 1968 auro
384 1918 511 1966 ridicule
545 1936 688 1971 onerarit,
721 1935 781 1965 ibid
777 1958 792 1965 ..

281 1981 346 2021 ejus
360 1979 432 2009 don
435 1989 469 2008 us
486 1977 554 2009 inde
570 1978 632 2008 divi
636 1978 697 2013 tir,
720 1977 791 2007 ibid.

279 2024 337 2053 alia
361 2021 458 2052 Croesi
479 2021 508 2049 in
524 2020 611 2049 illum
636 2020 792 2053 beneficii,

279 2065 343 2095 ibid
369 2064 467 2093 victor
482 2062 511 2092 in
524 2062 704 2102 Olympicis,
721 2061 792 2092 ibid.

280 2108 363 2138 idem
382 2103 534 2145 Meglclis
555 2112 652 2152 pater,
667 2104 706 2133 vi.
725 2107 781 2134 127
785 2128 790 2133 .

233 2148 446 2182 Alcmaeonid:
445 2168 459 2177 ..
453 2146 532 2176 ’zob
524 2146 595 2176 oxii
607 2146 733 2175 crimine
746 2146 791 2186 pi-

279 2190 403 2225 aculwxi,
420 2190 438 2219 i.
453 2193 487 2219 61
524 2187 790 2229 profugiAthenis

278 2242 405 2275 propter
427 2231 628 2265 Pisistratum,
650 2230 668 2259 i.
683 2234 734 2265 61,
759 2238 788 2259 et

276 2274 591 2310 Pisisn·1tidis,v.6’.
613 2273 668 2313 ipsi
686 2274 790 2303 Pers1s

278 2320 308 2350 in
324 2316 527 2350 Athenienses
546 2314 704 2347 excitarint
720 2325 789 2346 nec-

773 1682 792 1711 i.
825 1680 1001 1710 Alexander
1037 1681 1183 1717 NIacedo,

857 383 906 409 ne,
920 371 960 403 vi.
977 375 1043 403 121.
1058 379 1259 414 tyrannorum
1273 383 1305 406 et
1320 383 1371 416 ty«

858 414 990 445 rannidis
1013 415 1114 446 hostes
1141 417 1277 453 maximi,
1297 417 1371 447 ibid.

862 460 929 487 123.
964 456 1106 498 clypeum
1136 469 1174 489 ex
1200 459 1371 500 composito

860 499 960 529 Persis
987 499 1175 530 ostenderint
1200 510 1306 537 necne,
1328 513 1370 531 vi.

862 544 1033 578 115,15.)4.
1076 552 1184 572 eorum
1213 541 1288 579 laus,
1330 543 1371 573 vi.

837 587 929 612 1251.
951 594 1006 624 per
1032 584 1185 614 Graeciam
1211 585 1370 625 quomodo

861 624 993 655 celebres
1007 625 1090 662 facti,
1111 626 1237 662 vi.1‘25‚
1261 630 1331 657 126.

817 666 1057 704 Alcmaeonides,
1081 679 1110 698 v.
1124 672 1164 699 62
1187 676 1217 699 et
1242 673 1294 705 66,
1329 667 1372 699 vi.

864 712 931 740 1‘25.

760 752 767 758 ’
817 751 970 782 Alcmena
984 759 1082 782 mater
1097 751 1249 783 Herculis.
1269 752 1299 782 ii.
1320 756 1384 790 432.

864 796 932 825 145.

819 836 919 866 Alcon
947 836 1103 867 Molossus
1125 847 1142 867 e
1167 836 1268 878 procis
1282 838 1368 878 Aga-

861 878 954 914 ristae‚
974 879 1014 908 vi.
1031 882 1099 909 127.

819 920 907 951 Aleae
923 920 1011 950 ludus
1034 932 1051 950 a
1065 920 1163 962 Lydis
1176 921 1329 957 inventus,
1350 919 1374 954 i.

821 1005 908 1035 Aleae
925 1004 1007 1035 lusus
1022 1006 1144 1036 Cereris
1163 1013 1194 1035 et
1209 1004 1380 1047 Rhampsim

864 1048 932 1084 niti,
953 1047 983 1077 ii.
1001 1052 1048 1078 12.

823 1089 911 1120 Aleae
927 1090 1083 1120 NIinervae
1105 1089 1270 1132 templum,
1290 1088 1310 1120 i.
1323 1093 1390 1127 66,.

866 1134 921 1162 IX.
937 1136 987 1163 69:

825 1174 931 1204 Aleius
947 1185 1071 1215 campus
1088 1173 1214 1210 Ciliciae,
1228 1174 1268 1204 vi.
1283 1176 1333 1205 95.

824 1217 934 1246 Aleuae
950 1216 1016 1252 filii,
1037 1216 1085 1246 vii.
1105 1221 1171 1247 130.
1189 1216 1228 1246 ix.
1241 1220 1291 1247 57.

824 1259 973 1289 Aleuadae
988 1259 1153 1289 Thessaliae
1169 1269 1267 1299 reges,
1282 1258 1330 1288 vii.
1346 1262 1376 1288 6.

867 1311 974 1331 eorum
986 1301 1088 1331 nuncii
1098 1301 1136 1331 ad
1146 1303 1284 1331 Xerxem
1293 1300 1376 1330 missi

867 1351 901 1373 ut
927 1351 1081 1373 succurrat
1115 1351 1221 1373 contra
1241 1345 1378 1380 Graecos,

865 1385 1018 1415 Thessalis
1032 1385 1143 1422 invitis,
1159 1385 1212 1415 vii.
1227 1389 1294 1416 172.

825 1427 1012 1464 Alexander,
1046 1427 1160 1458 Priami
1184 1427 1274 1463 filius,
1305 1427 1324 1457 i.
1349 1432 1378 1458 3.

868 1469 996 1500 Helenae
1023 1478 1139 1510 raptor,
1169 1470 1188 1499 i.
1209 1474 1236 1500 3.
1259 1470 1288 1499 ii.
1307 1474 1376 1500 113.

868 1512 933 1553 ejus
966 1523 1036 1541 cum
1071 1512 1192 1542 Helena
1223 1512 1253 1542 in
1275 1513 1378 1552 AEgy-

868 1561 957 1595 ptum
970 1554 1128 1590 adventus,
1148 1562 1195 1584 etc.
1215 1554 1244 1583 ii.
1259 1558 1308 1590 13,
1329 1558 1378 1591 14,

868 1604 915 1626 etc.
948 1607 984 1626 ex
1014 1598 1122 1637 Sparta
1148 1596 1251 1627 triduo
1284 1596 1376 1627 Ilium

868 1638 1017 1679 pervenit,
1041 1638 1070 1668 ii.
1088 1642 1157 1669 117.

1227 1683 1379 1721 Amyntae

868 1722 959 1759 filius,
974 1734 1003 1753 v.
1020 1727 1058 1754 19
1082 1723 1130 1753 vii.
1149 1727 1216 1754 173.
1231 1723 1284 1754 viii
1308 1727 1378 1754 139.

868 1766 933 1806 ejus
957 1776 1063 1805 genus,
1087 1765 1149 1795 viii.
1166 1769 1234 1797 139.
1259 1773 1380 1796 vetusta

869 1808 986 1847 origine
1003 1810 1138 1843 Graecus,
1163 1819 1192 1838 ν.
1206 1812 1256 1838 22.
1275 1809 1311 1838 ix.
1329 1812 1379 1838 44.

871 1851 1033 1880 Persarum
1067 1850 1247 1880 insolentem
1279 1850 1379 1880 libidi-

870 1902 940 1921 nem
962 1892 992 1921 in
1008 1893 1150 1922 convivio
1165 1892 1330 1929 ulciscitur,
1350 1904 1380 1922 v.

869 1938 919 1963 20.
951 1934 1014 1974 ejus
1033 1935 1205 1975 prudentia,
1226 1945 1254 1964 v.
1275 1939 1324 1965 21.
1349 1935 1380 1965 in

870 1976 1016 2017 Olympia
1039 1987 1142 2006 cursor
1162 1977 1263 2017 primo
1278 1978 1379 2018 proxi-

870 2029 948 2053 mus,
969 2030 989 2048 v
1018 2022 1066 2048 22.
1093 2019 1304 2049 NIacedonum
1331 2026 1381 2060 ty·

869 2061 970 2090 sannis
985 2061 1140 2101 quomodo
1162 2061 1201 2090 ad
1224 2072 1295 2091 eum
1310 2072 1379 2102 per-

869 2103 962 2137 venit,
988 2103 1049 2132 viii.
1077 2106 1144 2133 1:37.
1175 2103 1382 2133 Athenienses

869 2144 1010 2174 hortatur
1027 2145 1064 2174 ad
1080 2145 1293 2186 paciscendum
1309 2156 1380 2175 cum

869 2187 1050 2222 Mardorum,
1071 2187 1132 2216 viii.
1150 2191 1215 2217 140.
1247 2187 1384 2217 Atheni-

868 2228 989 2258 ensibus
1005 2231 1052 2259 M
1049 2240 1080 2258 u
1082 2229 1163 2259 donn
1176 2239 1296 2259 causam
1309 2240 1381 2270 pro-

866 2271 949 2306 dit,
943 2283 980 2301 ix.
994 2275 1044 2306 43,
1057 2275 1107 2301 41
1124 2272 1306 2312 aneaejus
1299 2270 1382 2314 apud

867 2313 1006 2357 Delphos
1021 2320 1128 2352 statua,
1149 2325 1201 2344 vni
1228 2317 1299 2345 121.
