1553 2739
585 343 820 376 INDEX.

167 438 236 460 eam
250 427 395 470 proelium
411 429 595 459 Graecorum
610 438 681 458 cum

168 473 269 503 Persis
283 479 417 513 gestum,
431 471 493 501 viii.
510 474 540 506 4,
557 478 604 500 etc.

125 513 310 545 Euboeenses
324 522 360 544 ut
374 513 497 543 tractati
520 524 538 543 a
553 513 682 549 Gelone,
700 532 703 553 ,¹

165 557 220 587 vii·
240 561 308 588 156.
331 554 551 586 Euboeensibus
573 555 682 586 datum
699 559 703 585 i

169 599 341 635 oraculum,
377 598 461 639 quod
486 598 567 628 male
597 609 681 640 sper-

167 649 258 676 nunt,
279 641 341 671 viii.
358 644 407 671 20.

130 683 305 713 Euboicum
319 683 482 718 talentum,
498 682 538 713 iii.
554 685 604 714 89.

128 725 275 756 Euboicae
287 726 389 762 rninae,
405 724 478 755 ibid.

125 767 253 798 Euboeae
269 779 354 804 cava,
368 768 428 798 viii.
446 772 493 798 13.

124 810 268 841 Euclides
303 819 333 841 et
369 810 520 841 Cleander
557 809 682 852 Hippo-

168 853 258 883 cratis
274 852 340 890 filii,
357 855 407 883 vu.
428 856 497 884 155-

125 896 290 936 Euergetae
305 896 387 937 regis
402 895 525 931 Persici,
542 895 602 925 viii
618 898 668 926 85.

127 938 261 968 Euenius
274 938 432 979 Deiphoni
448 938 615 979 haruspicis
628 949 681 978 pa-

167 988 226 1016 ter,
252 980 291 1011 ix.
307 985 358 1012 92.
393 991 547 1011 sacrarum
563 980 632 1011 solis
648 991 681 1011 o-

167 1023 256 1053 vium
279 1031 391 1059 custos,
411 1023 450 1054 ix.
466 1027 515 1054 93.
548 1034 681 1053 excaeca-

167 1072 218 1095 tus
239 1065 360 1101 misere,
385 1073 416 1096 et
431 1066 509 1096 ultio
523 1065 563 1096 ob
590 1066 621 1096 id
643 1066 682 1096 de

167 1107 377 1148 Apolloniatis
392 1116 524 1149 sumpta,
535 1108 608 1139 ibid.
623 1119 681 1138 cae-

168 1161 221 1180 cus
241 1150 462 1181 divinationem
489 1150 618 1187 obtinet,
643 1151 682 1182 ix.

125 1235 280 1265 Euelthon
293 1235 454 1266 Salaminis
468 1246 533 1272 rex,
554 1236 594 1266 iv.
612 1240 682 1267 162.

166 1288 198 1307 v.
215 1281 283 1309 104.
305 1278 344 1308 ab
359 1288 396 1308 eo
411 1278 606 1309 thuribulum
629 1279 682 1308 de-

167 1319 304 1351 dicatum
326 1320 467 1361 Delphis,
490 1321 564 1351 ibid.
601 1322 681 1351 circa

165 1373 240 1392 eum
281 1370 312 1393 et
360 1363 572 1394 Pheretimam
605 1371 684 1401 acta,

166 1404 243 1435 ibid.

124 1447 321 1489 Euesperidae
344 1447 462 1478 bonum
484 1448 584 1479 solum
599 1449 682 1479 inco-

167 1489 275 1524 lentes,
290 1491 329 1520 iv⁴
349 1494 417 1521 171.

124 1532 272 1562 Eumelus
286 1533 417 1563 Admeti
432 1533 474 1564 fil.
490 1533 520 1563 ii-
538 1538 567 1564 2.

124 1575 279 1605 Eumenes
315 1576 526 1616 Anagyrasius
547 1576 683 1607 Atheni-

165 1617 244 1647 ensis
258 1618 525 1659 praestantissimus
535 1619 566 1649 in
578 1629 682 1661 pugna

165 1660 278 1695 navali,
296 1660 358 1690 viii.
374 1664 423 1691 93.

124 1703 284 1733 Eunomus
300 1703 476 1743 Polydectis
501 1703 593 1741 filius,
618 1704 681 1735 viii.

168 1748 238 1774 131.

122 1786 264 1817 Eunuchi
275 1787 356 1828 apud
367 1789 473 1818 Persas
486 1789 681 1829 pretiosiores

166 1839 260 1870 quam
283 1831 362 1860 servi
387 1841 449 1861 non
465 1831 595 1868 castrati,
618 1832 680 1862 viii.

170 1875 239 1902 105.

121 1914 302 1955 Eupalinus,
352 1916 542 1958 Naustrophi
586 1916 682 1954 filius,

163 1957 359 1992 architectus,
373 1958 415 1987 iii.
428 1962 477 1989 60.

123 1999 310 2039 Euphorbus
330 2000 512 2038 Alcimachi,
540 2001 681 2043 proditor

166 2042 306 2078 Eretriae‚
324 2042 364 2073 vi.
382 2046 448 2073 101.

122 2083 314 2125 Euphorion,
340 2085 480 2126 AEschyli
502 2088 604 2128 po'e'tae
627 2097 680 2128 pa-

166 2134 225 2162 ter,
239 2127 268 2157 ii.
287 2131 353 2159 156.

123 2169 305 2209 Euphorion
329 2170 486 2212 Cynaegiri
512 2179 610 2213 pater,
635 2171 677 2202 vi·

170 2214 184 2241 l
193 2215 238 2241 14.

125 2253 306 2294 Euphorion
320 2254 477 2296 Laphanis
501 2264 600 2297 pater,
625 2257 677 2297 qui

169 2296 331 2326 Castorem
344 2305 376 2327 et
393 2297 551 2329 Pollucem
578 2299 608 2329 in
624 2300 679 2330 do-

167 2347 257 2370 mum
268 2349 354 2371 suam
363 2340 478 2383 recepit
490 2349 521 2372 et
533 2341 564 2373 in
574 2352 680 2373 omnes

1239 347 1280 375 4³

765 426 906 458 homines
929 426 989 458 fuit
1024 426 1193 470 hospitalis,
1239 428 1281 460 vi.

769 474 838 502 127.

722 513 896 554 Euphrates
909 512 1037 549 flumen,
1060 513 1078 543 i.
1094 516 1162 543 180.
1181 525 1211 544 v.
1225 518 1276 545 52.

764 563 922 586 tortuosus
943 566 960 585 a
981 555 1103 587 Nitocri
1128 555 1279 596 redditus,

763 598 786 628 i.
802 601 873 629 185.

720 641 864 682 Euripus,
878 652 906 671 v.
921 644 970 671 77.
986 640 1038 670 vii.
1055 645 1124 672 173.
1153 641 1215 672 viii.
1232 645 1282 673 15.

720 685 846 724 Europa
869 683 1068 714 Cretensibus
1093 691 1192 726 rapta,
1212 685 1232 714 i.
1247 689 1279 715 2.

763 727 896 768 Europae
912 726 967 756 filii
983 727 1140 768 Sarpedon
1164 735 1195 757 et
1211 727 1279 758 Mi-

762 779 827 804 nos,
849 769 869 798 i.
887 772 945 799 173
978 770 1103 809 Europa
1124 770 1223 810 Tyria
1239 780 1277 800 an

762 821 875 841 nomen
887 813 1021 852 Europae
1034 811 1164 847 dederit,
1176 812 1217 842 iv.
1226 816 1278 844 45.

720 854 846 894 Europa
880 853 1075 896 longitudine
1101 855 1211 885 Asiam
1244 864 1276 886 et

760 895 914 933 Africam,
947 907 1010 926 non
1039 904 1070 927 et
1103 896 1274 934 latitudine,

761 939 941 980 assequitur,
977 943 1030 976 42,
1053 943 1102 970 45.
1139 942 1275 981 Europae

763 982 1010 1019 commoditates,
1023 982 1075 1012 vii.
1089 986 1118 1013 5.
1140 984 1275 1024 Europae

761 1034 875 1054 nomen
901 1024 982 1054 unde
1007 1025 1198 1065 impositum,
1233 1026 1274 1055 iv.

761 1069 814 1097 45.
845 1069 979 1108 Europae
995 1075 1133 1098 extrema
1158 1067 1274 1109 ignota,

761 1109 803 1139 iii.
820 1112 889 1146 115,
909 1113 978 1140 116.

720 1153 884 1192 Eury-anax
906 1152 1014 1182 Doriei
1036 1152 1128 1188 filius,
1159 1152 1278 1194 collega

764 1195 935 1231 Pausaniae,
951 1195 983 1224 ix
1010 1198 1059 1231 10,
1075 1199 1125 1231 53,
1142 1198 1192 1226 55.

722 1236 895 1277 Eurybates
927 1237 1135 1279 quinquertio,
1159 1237 1200 1267 vi.
1224 1242 1274 1269 92-

765 1279 831 1320 ejus
857 1279 957 1310 clades
971 1287 1002 1310 et
1026 1279 1176 1317 interitus,
1204 1280 1279 1311 ibid.

766 1322 807 1352 ix.
820 1325 871 1352 74-

724 1364 926 1405 Eurybiades,
969 1364 1143 1406 Euryclidae
1186 1365 1278 1402 filius,

767 1407 829 1437 dux
844 1407 943 1438 classis
958 1410 1153 1445 Graecorum,
1178 1409 1241 1438 viii.
1262 1412 1285 1438 2

765 1450 796 1479 in
823 1449 999 1490 Eurybiade
1025 1450 1140 1480 consilii
1163 1451 1277 1492 inopia,

764 1492 825 1522 viii.
843 1497 890 1523 74.
912 1492 1098 1533 Eurybiadae
1114 1493 1190 1530 laus,
1213 1493 1278 1524 viii,

723 1577 914 1618 Euryclides‚
927 1578 987 1607 viii.
1005 1581 1035 1608 2.

721 1622 907 1660 Eurycrates
930 1620 1077 1661 Polydori
1099 1620 1189 1657 filius,
1226 1620 1277 1652 vii.

721 1705 939 1745 Eurycratides
966 1705 1148 1736 Anaxandri
1184 1706 1274 1742 filius,

763 1748 813 1777 vii.
829 1752 898 1779 204.

720 1790 898 1830 Eurydame
913 1790 1117 1831 Leutychidis
1133 1802 1220 1828 uxor,
1233 1792 1277 1822 vi.

763 1837 813 1863 71.
834 1833 899 1874 ejus
913 1844 1020 1874 genus,
1043 1833 1117 1863 ibid.

721 1875 916 1916 Eurydemus
941 1875 1072 1917 Epialtae
1099 1884 1198 1917 pater,
1222 1876 1280 1907 vii.

763 1922 833 1948 213.

720 1960 877 2000 Euryleon
901 1970 972 1990 cum
997 1959 1114 1990 Dorieo
1147 1959 1276 1991 coloniae

762 2002 922 2038 deductor,
959 2012 1037 2032 unus
1070 2011 1225 2043 superstes
1255 2014 1272 2033 e

761 2044 854 2080 bello,
868 2057 897 2075 v.
912 2049 963 2075 46-
987 2044 1206 2075 Selinusiorum
1222 2054 1272 2085 ty-

762 2098 883 2124 rannus,
909 2087 982 2118 ibid.
1018 2088 1082 2128 ejus
1119 2087 1273 2124 interitus,

760 2130 835 2160 ibid.

718 2172 932 2213 Eurymachus
958 2172 1139 2203 Leontiadis
1175 2180 1274 2214 pater,

759 2216 810 2245 vii.
827 2219 897 2246 205.

718 2257 932 2298 Eurymachus
947 2257 1126 2287 Leontiadis
1136 2256 1216 2287 filius
1227 2256 1274 2287 in-

762 2308 943 2341 teremptus,
962 2300 1013 2329 vii.
1032 2303 1102 2329 233.

717 2342 889 2386 Euryphon
903 2341 1019 2374 Proclis
1030 2341 1121 2380 filius,
1131 2341 1192 2373 viii.
1204 2344 1258 2372 131
