1553 2739
227 293 268 324 32
692 290 919 325 INDEX

231 378 294 411 eos
305 377 406 409 insula
426 377 592 419 Tyrannus
612 385 710 418 passa,
732 378 785 409 vii.
828 375 1009 410 Critobulus
1021 375 1205 414 Toronaeus,
1224 376 1286 409 viii.
1303 381 1373 411 127.

228 425 423 504 ColtgsLAsiae
438 469 537 504 pater,
556 461 596 492 iv.
609 464 662 493 45.

229 508 386 548 Cranapes
412 504 596 536 Mitrobatis
613 504 706 542 filius,
726 516 787 537 una

269 559 342 580 cum
356 556 443 590 patre
459 547 496 577 ab
511 549 618 578 Oroete
629 557 733 586 caesus,
746 549 788 579 iii.

271 595 340 622 126.

211 627 340 667 'Cranai
352 633 426 663 dicti
437 632 653 670 Athenienses,
662 634 725 664 viii.
735 638 785 665 44.

227 677 355 712 Crastis,
375 683 408 706 et
430 675 551 708 Crastia
575 676 735 714 Minerva,
756 689 785 708 v.

267 722 317 750 45.

225 763 349 798 Crater,
383 761 436 803 qui
463 762 568 792 Craeso
593 761 785 802 portabatur,

265 805 455 845 interceptus
479 812 510 834 et
538 804 679 835 caelatura
706 806 782 846 ejus,

267 848 287 878 i.
309 850 359 878 ΤΟ.
381 847 422 877 iii.
443 851 495 877 47.
526 854 625 877 crater
648 847 679 877 in
703 849 783 879 ostio

267 890 372 926 Ponti,
406 900 424 919 a
448 889 596 920 Pausania
616 889 782 927 dedicatus,

266 933 307 963 iv.
327 936 377 963 81.
411 940 510 962 crater
530 931 707 972 Argolicus,
741 934 782 964 iv.

270 979 338 1007 15⁴2.
361 983 492 1005 crateres
504 973 620 1010 Lesbii,
633 974 674 1004 iv.
688 979 739 1006 61.

223 1018 349 1050 Crathis
359 1019 515 1059 AEgarum
537 1016 651 1046 fluvius
671 1028 780 1058 peren-

263 1062 323 1098 nis,
346 1071 364 1090 a
387 1070 448 1101 quo
474 1065 504 1088 et
521 1058 640 1089 Italicus
658 1059 709 1090 ille
725 1072 780 1092 vo-

265 1112 349 1135 catus
360 1110 416 1138 est,
439 1104 507 1132 145.

222 1147 363 1178 Cratines
377 1143 520 1175 Anaxilai
533 1150 631 1183 pater,
646 1144 697 1174 vii.
712 1148 781 1176 165.

222 1189 368 1221 Cratinus
394 1186 568 1218 Aminoclis
595 1193 694 1227 pater,
728 1189 780 1219 vii.

267 1236 336 1263 190.

220 1274 359 1310 Cremni,
366 1271 540 1314 emporium
550 1270 668 1313 paludis
674 1272 778 1304 Maeo-

262 1317 344 1353 tidis,
357 1317 397 1346 iv.
412 1318 460 1345 20.

220 1361 352 1392 Creston
367 1357 450 1393 urbs,
464 1357 483 1387 i.
496 1359 547 1387 57.

220 1404 403 1436 Crestonaei'‚
422 1411 451 1430 v.
466 1403 496 1435 3,
510 1399 563 1435 vii,
581 1402 649 1430 137.

219 1444 434 1479 Crestoniatae‚
453 1442 470 1472 i.
486 1444 536 1472 57.

219 1486 416 1518 Crestonicus
431 1495 514 1526 ager,
531 1483 582 1513 vii.
599 1487 666 1513 124.

221 1529 407 1560 Crestonicae
423 1536 513 1558 terrae
529 1537 591 1561 rex,
616 1526 676 1556 viii.
695 1529 762 1557 116.

217 1573 313 1603 Creta
335 1572 476 1601 universa
494 1580 512 1599 a
525 1567 662 1598 barbaris
686 1568 774 1599 habi-

259 1622 333 1650 tata,
353 1614 370 1643 i.
388 1617 455 1643 173.

217 1657 380 1688 Cretenses
405 1666 459 1685 cur
473 1653 620 1684 auxilium
640 1663 701 1682 non
724 1661 773 1684 tu-

257 1700 348 1730 lerint
373 1697 491 1728 Graecis
509 1702 616 1726 contra
639 1697 776 1732 Persam,

258 1743 311 1772 vii.
328 1745 397 1772 167.
426 1744 494 1775 170,
514 1742 584 1773 171,
603 1739 648 1767 ubi
662 1739 720 1767 alia
736 1738 773 1768 de

258 1794 367 1814 eorum
382 1781 567 1823 migratione
582 1787 614 1810 et
627 1779 758 1810 fortuna.

215 1829 299 1859 etex
314 1826 388 1861 avie,
409 1825 439 1855 ii.
453 1828 503 1856 76.

217 1870 385 1911 Crinippus
395 1867 505 1898 Terilli
521 1872 618 1907 pater,
626 1864 677 1895 vii.
692 1868 760 1897 165.

214 1912 350 1944 Crisaeus
367 1921 504 1951 campus,
521 1909 573 1938 viii
596 1912 646 1939 33.

215 1955 332 1987 Cristas
363 1953 458 1995 galeis
494 1952 653 1992 imponere
678 1949 771 1991 primi

257 1997 458 2027 ostenderunt
474 1997 578 2029 Cares,
591 1995 609 2023 i.
627 1995 695 2024 171.

212 2039 335 2071 Critala
345 2039 375 2068 in
393 2037 599 2078 Cappadocia,
617 2035 668 2065 vii.
680 2039 731 2066 36.

212 2081 349 2114 Critheis
362 2079 525 2120 Melanopi
536 2078 610 2114 filia,
623 2078 643 2108 ii
667 2081 693 2108 l.
706 2077 771 2108 fur-

256 2125 323 2156 tivo
339 2122 502 2153 concubitu
512 2130 684 2163 praegnans,
701 2120 728 2149 ii⁴
742 2124 770 2149 2.

253 2167 335 2208 parit
361 2167 550 2200 Homerum,
578 2163 607 2192 ii.
631 2167 657 2193 3.
680 2161 769 2192 nubit

257 2209 399 2244 Phemio,
418 2207 447 2238 ii.
462 2211 482 2237 4
514 2207 579 2248 ejus
592 2216 686 2240 mors,
702 2204 731 2234 ii.
740 2207 769 2236 5.

212 2251 345 2283 Crithon
361 2249 517 2291 lthagenis
530 2256 628 2290 pater,
641 2247 671 2278 ii.
688 2251 715 2277 1.

208 2293 368 2325 critobuli
394 2292 468 2331 filia,
488 2291 612 2324 Amasis
626 2300 715 2327 uxor,
737 2289 769 2319 ii.

827 420 918 452 Crius
931 419 1079 460 Polycriti
1087 418 1179 457 filius,
1190 420 1232 451 vi.
1243 424 1294 452 50.
1307 421 1386 452 circa

870 472 942 493 eum
954 469 985 492 et
998 461 1197 493 Cleomenem
1213 470 1290 501 acta,
1311 463 1385 495 ibid.

867 503 1110 537 Atheniensibus
1123 504 1255 537 traditus
1269 505 1308 537 ab
1322 507 1382 538 ΙΕ-

867 547 990 589 ginetik,
1004 547 1046 577 vi.
1060 550 1110 578 73.

825 591 916 622 Crius
930 590 1090 631 AEgineta‚
1112 588 1262 631 Polycriti
1281 597 1382 633 pater.

865 633 928 663 viii.
942 636 992 664 92.

823 674 962 716 Crobyzi
975 674 1124 712 Thraces,
1141 675 1181 706 iv.
1198 679 1250 708 49.

822 717 978 750 Crocodili
1001 717 1176 759 descriptio,
1199 717 1230 748 ii.
1251 720 1305 755 68,
1327 721 1383 755 69,

862 764 912 792 70.
935 760 1080 791 crocodili
1095 761 1180 796 sacri,
1198 760 1291 796 1169,
1309 763 1380 797 148.

862 813 971 834 eorum
990 801 1139 844 sepulcra,
1162 803 1192 834 ii.
1209 806 1279 833 148.
1309 813 1379 833 cro-

862 845 953 876 codili
967 845 1097 882 Africae,
1117 845 1157 876 iv.
1175 849 1244 876 192.

819 888 1056 920 Crocodilorum
1070 887 1154 924 urbs,
1171 888 1203 918 ii.
1215 891 1286 918 148.

819 933 941 963 Croesus
971 941 1025 961 rex
1060 930 1225 971 Lydorum
1250 930 1377 972 ejusque

859 984 967 1016 genus,
998 973 1016 1003 i.
1039 977 1071 1009 6,
1091 976 1123 1010 7,
1147 977 1198 1004 92.
1228 972 1377 1014 Ephesios

859 1017 988 1052 invadit,
1015 1015 1035 1045 i.
1058 1019 1108 1046 26.
1137 1015 1238 1046 bonus
1261 1015 1320 1052 vir,
1342 1022 1375 1045 et

858 1057 1028 1100 religiosus,
1041 1069 1075 1088 ac
1089 1057 1218 1089 deorum
1231 1057 1342 1094 cultor,
1356 1058 1376 1088 i.

859 1104 908 1132 87.
936 1112 1007 1131 cum
1026 1103 1167 1142 Astyage
1193 1099 1335 1137 affinitas,
1354 1101 1375 1130 i.

858 1146 908 1174 73.
931 1143 1050 1184 primus
1064 1145 1192 1173 Graecos
1213 1142 1251 1172 ad
1274 1142 1373 1173 tribu-

858 1193 927 1216 tum
959 1185 1158 1227 pendendum
1198 1185 1305 1226 adigit,
1350 1186 1370 1216 i.

857 1233 890 1264 6,
903 1231 952 1260 27.
971 1229 1059 1258 lones
1077 1235 1109 1258 et
1123 1226 1231 1258 AEoles
1245 1226 1370 1269 subigit,

857 1270 933 1301 ibid.
964 1281 1036 1301 cum
1072 1269 1197 1300 Ionibus
1227 1269 1371 1301 insulanis

856 1312 1025 1355 hospitium
1040 1312 1204 1348 contrahit,
1218 1311 1237 1341 i.
1248 1314 1298 1343 27.
1315 1323 1373 1354 per

856 1366 928 1385 eum
943 1363 1032 1386 aucta
1051 1354 1214 1395 Lydorum
1225 1355 1375 1395 potentia,

855 1397 874 1427 i.
889 1402 940 1434 28,
954 1402 1002 1429 29.
1021 1397 1086 1438 ejus
1100 1407 1170 1427 cum
1183 1397 1294 1427 Solone
1309 1397 1372 1428 col·

855 1440 1006 1481 loquium,
1018 1440 1037 1470 i.
1049 1444 1100 1476 30,
1112 1443 1163 1476 31,
1174 1443 1285 1476 3238-
1297 1449 1371 1471 eum

854 1483 986 1513 deorum
1008 1482 1180 1524 indignatio
1199 1481 1322 1523 excipit,
1347 1482 1368 1513 i.

853 1529 894 1555 34
924 1526 1024 1566 Gygis
1043 1524 1147 1555 tritavi
1162 1524 1278 1554 crimen
1301 1523 1370 1561 luit,

851 1567 870 1597 i.
888 1572 938 1599 91.
954 1568 1019 1608 ejus
1030 1567 1195 1603 somnium,
1210 1566 1228 1596 i.
1240 1570 1290 1597 33.
1304 1567 1370 1609 ejus

852 1610 952 1640 luctus
966 1620 1057 1651 super
1070 1609 1135 1639 filio
1155 1608 1328 1647 interfecto,
1351 1609 1372 1641 i.

851 1657 901 1682 44.
932 1654 1052 1692 Cyrum
1075 1652 1234 1681 invasurus
1258 1662 1366 1681 oracu-

853 1695 918 1725 lum
939 1694 1069 1725 consulit
1084 1694 1178 1729 varie,
1205 1693 1224 1723 i.
1238 1697 1292 1729 46,
1312 1697 1369 1731 47,

851 1745 900 1767 etc.
925 1737 1051 1767 donaria
1075 1743 1107 1766 et
1131 1735 1240 1767 hostiae
1266 1734 1303 1766 ab
1327 1747 1366 1767 eo

852 1786 1026 1810 consecrata
1044 1786 1076 1809 et
1095 1777 1257 1819 jugulatae,
1280 1778 1368 1815 i.5o,

852 1825 904 1859 51,
918 1826 968 1853 52.
991 1833 1021 1851 v.
1032 1825 1082 1851 36.
1103 1821 1261 1862 potentiss.
1276 1823 1366 1851 Grae-

852 1875 960 1896 corum
983 1864 1150 1894 amicitiam
1165 1863 1254 1904 petit,
1279 1863 1299 1893 i.
1315 1867 1368 1901 16,

852 1911 902 1939 69.
923 1913 1033 1943 crater,
1054 1906 1116 1936 viii.
1134 1909 1202 1935 124.
1226 1906 1292 1947 ejus
1311 1916 1366 1936 ex-

851 1949 968 1992 peditio
990 1956 1098 1979 contra
1122 1949 1254 1989 Cyrum,
1271 1947 1293 1978 i.
1311 1951 1364 1986 71,

852 1995 902 2023 73.
929 1991 1034 2032 Halyn
1057 1991 1089 2021 fl.
1115 1990 1238 2032 trajicit,
1271 1990 1291 2021 i.
1313 1993 1368 2023 75.

852 2035 989 2066 Pteriam
1005 2040 1174 2074 expugnat,
1195 2033 1215 2064 i.
1229 2036 1280 2064 76.
1304 2044 1363 2075 pu·

849 2088 911 2118 gna
941 2086 1011 2106 cum
1039 2077 1135 2116 Cyro,
1160 2075 1234 2106 ibid.
1262 2076 1364 2107 Sardis

849 2120 940 2155 redit,
959 2119 975 2148 i.
992 2121 1041 2150 77.
1061 2118 1223 2148 vincitura
1236 2119 1321 2158 Cyro
1332 2126 1365 2149 et

849 2160 1016 2195 obsidetur,
1036 2160 1055 2190 i.
1070 2163 1121 2190 81.
1152 2159 1183 2190 in
1198 2159 1365 2190 observan-

848 2203 891 2233 tia
905 2211 936 2234 et
959 2213 1065 2232 amore
1087 2213 1105 2232 a
1120 2203 1206 2243 Cyro
1220 2201 1365 2239 habetur,

848 2246 901 2286 qui
915 2246 980 2286 ejus
995 2244 1125 2275 consiliis
1146 2245 1256 2280 utitur,
1276 2244 1295 2274 i.
1310 2248 1363 2281 88,

846 2292 899 2324 89,
914 2292 963 2323 90,
983 2291 1053 2323 155,
1069 2289 1138 2323 156,
1154 2290 1224 2318 207.
1247 2286 1363 2328 Pythio

846 2330 945 2364 mittit
975 2330 1150 2373 compedes,
1183 2329 1203 2361 i.
1229 2334 1281 2368 90,
1305 2332 1362 2362 91.
