1553 2739
604 315 841 350 INDEX.
1259 318 1300 348 53

194 401 274 432 bene
295 401 434 437 meritus,
457 401 496 431 iv.
514 404 584 438 137,
608 413 638 432 v.
656 405 706 437 11,

196 445 236 474 vi.
251 448 301 475 30.
318 444 372 474 vii.
392 448 438 474 10.
459 455 477 473 a
490 444 588 474 Dario
602 443 705 474 defec-

195 486 286 516 tionis
310 488 420 516 Ionum
442 486 644 521 insimulatus,
678 498 706 516 v.

198 532 265 559 106.
295 529 512 569 Aristagoran}
544 529 583 559 ad
605 528 706 559 defec-

194 571 311 601 tionem
336 581 430 612 quam
446 570 565 601 occulte
592 570 704 601 sollici-

194 613 278 649 tarit,
291 624 320 644 v.
335 617 384 644 35.
398 613 463 654 ejus
473 613 512 643 ad
523 624 607 644 mare
620 613 705 654 fuga,

191 655 232 685 vi.
247 659 277 685 2.
299 666 316 685 a
332 656 418 687 Chiis
440 655 471 684 in
487 656 609 686 vincula
631 666 702 685 con—

190 697 298 738 jectus,
323 698 376 728 sed
408 696 554 728 liberatus
578 698 702 728 consilio

190 740 257 780 ejus
270 739 438 776 intellecto,
452 741 492 769 vi.
507 744 535 770 2.
551 742 601 770 Mi
605 740 701 770 letum

192 782 346 818 reductus,
360 793 377 812 a
393 782 504 823 quibus
518 783 667 830 rejicitur·
670 792 700 812 et

191 835 220 853 ιγ
217 824 382 860 .1lneratur‚
395 825 435 854 vi.
449 829 478 855 5.
500 825 565 866 ejus
581 836 628 854 res
643 825 700 855 cir-

191 877 226 896 4.·3.
240 867 438 907 Byzantium,
454 867 496 897 vi.
511 871 560 898 26
574 878 621 897 res
632 879 700 908 ges-

191 918 231 938 tx
258 917 366 939 contra
393 909 497 944 Chios,
521 921 562 940 vi.
575 913 626 945 26,
632 895 699 940 Φ27.

190 959 296 982 contra
310 951 451 982 Thasum
466 951 635 987 contendit,
659 952 699 981 vi.

189 998 240 1024 ⁴28.
266 994 423 1035 quomodo
437 1002 544 1035 captus
558 1002 589 1024 et
604 994 699 1024 inter-

190 1036 297 1072 iectus,
319 1036 359 1066 vi.
373 1040 422 1067 29.
443 1037 474 1066 in
490 1047 613 1066 crucem
629 1036 699 1067 sub-

187 1080 267 1110 latus
288 1079 326 1109 ab
341 1079 539 1119 Artapherne
565 1087 596 1108 et
616 1081 699 1109 Har-

188 1132 281 1169 pugo,
305 1121 346 1151 vi.
368 1126 417 1152 30.
452 1122 518 1162 ejus
542 1121 643 1162 gratia
667 1132 698 1151 e-

188 1164 264 1193 tiam
300 1164 416 1194 mortui
439 1164 522 1205 apud
557 1163 700 1200 Darium,

186 1205 260 1237 ibid.

146 1249 294 1279 Histiaeus
309 1247 435 1288 Phylaci
450 1256 548 1289 pater,
572 1248 634 1278 viii.
649 1251 698 1279 85

145 1292 293 1323 Histiaeus
317 1291 450 1331 Tymnis
475 1290 556 1320 filius
582 1298 696 1331 captus,

186 1345 215 1363 v.
224 1339 278 1383 ι3“(”.
315 1333 377 1363 dux
400 1333 431 1363 in
457 1333 549 1363 classe
576 1334 699 1370 Xerxis,

188 1377 242 1407 vii.
258 1380 308 1408 98.

144 1420 426 1459 Homerus.poe'ta,
449 1417 500 1447 vii.
524 1421 592 1448 161.
623 1428 695 1458 qua-

184 1461 358 1503 dringentis
382 1460 467 1490 annis
499 1460 601 1490 extitit
627 1468 696 1490 ante

187 1504 398 1539 Herodotum,
415 1503 443 1532 ii.
459 1507 510 1533 53.
530 1503 695 1532 veritatem

184 1546 330 1587 cognovit
347 1546 384 1575 de
398 1545 569 1575 Alexandri
583 1554 620 1575 et*
630 1546 696 1576 He-

185 1589 260 1620 lena:
283 1588 448 1623 erroribus,
470 1588 501 1617 ii.
518 1591 585 1617 116.
607 1587 695 1617 finxit

184 1642 298 1661 nomen
325 1630 450 1665 Oceani,
488 1630 518 1659 ii.
545 1633 592 1659 23.
625 1631 695 1660 Ho-

183 1674 262 1704 meri
286 1673 344 1703 loci
367 1673 462 1708 citati,
486 1671 560 1702 ibid.
585 1671 625 1702 iv.
640 1675 691 1703 29.

183 1716 318 1746 Homeri
334 1715 470 1745 carmina
485 1716 591 1755 Argos
614 1713 693 1744 cele-

183 1759 315 1794 brantia,
345 1765 375 1788 et
405 1757 474 1788 ideo
500 1764 655 1787 summota
676 1767 693 1786 a

183 1800 352 1836 Clisthene,
368 1810 397 1830 v.
411 1803 461 1830 67.
484 1799 616 1829 Homeri
631 1809 692 1829 non

183 1851 253 1874 sunt
277 1853 384 1873 versus
417 1842 536 1882 Cyprii,
570 1841 599 1871 ii.
624 1845 694 1878 117,

183 1896 238 1915 nec
253 1884 335 1916 forte
349 1884 493 1926 Epigoni,
510 1884 551 1914 iv.
565 1887 615 1914 32.

142 1929 249 1959 Homo
273 1938 291 1958 e
314 1927 373 1958 deo
397 1937 459 1957 non
483 1926 642 1974 gignitur,
663 1925 693 1956 ii.

184 1974 251 2001 143.
272 1969 367 2000 homo
382 1969 541 1999 hominem
555 1968 642 1999 fato'
634 1979 692 1998 im-

179 2012 327 2053 pendenti
351 2012 471 2052 eripere
494 2021 555 2041 non
580 2019 693 2052 potest,

180 2056 222 2086 iii.
236 2058 286 2086 48.
304 2055 342 2085 ix.
360 2058 406 2085 16.
438 2054 468 2084 in
484 2053 617 2084 hominis
638 2063 691 2083 na-

179 2105 250 2128 tura
275 2097 369 2128 situm
393 2107 455 2127 non
481 2103 526 2126 est
550 2104 689 2127 avertere

178 2139 263 2181 quod
285 2140 323 2170 sit
352 2146 547 2174 eventurum,
577 2138 619 2168 iii.
641 2142 690 2169 64.

179 2182 339 2212 hominem
354 2181 457 2212 omnia
479 2181 622 2221 consequi
644 2189 689 2212 est

178 2223 376 2265 impossibile,
401 2225 419 2254 i.
445 2227 493 2254 32.
525 2223 687 2253 hominum

178 2267 361 2308 injuriorum
374 2273 418 2297 est
426 2276 534 2307 rapere
545 2265 686 2296 feminas:

180 2309 275 2350 raptis
288 2308 467 2340 ulciscendis
477 2318 603 2349 operam
615 2307 688 2338 dare

178 2351 363 2388 amentium·
396 2351 515 2394 pruder
518 2350 607 2388 tium,
631 2360 688 2394 pro

789 399 873 431 nulla
897 399 1011 431 habere
1043 407 1202 441 raptarum
1227 401 1295 442 pul-

785 442 1005 479 chritudinem,
1029 442 1048 472 i.
1061 446 1090 473 4.
1114 442 1232 473 homini
1249 454 1296 474 sa-

784 486 846 515 tius
866 485 947 515 mori
962 495 1055 525 quam
1069 484 1184 520 vivere,
1208 485 1228 515 i.
1244 489 1280 516 31

782 527 864 557 mala
884 526 983 557 multa
1006 529 1163 563 eveniunt,
1187 527 1230 558 iii.
1244 533 1292 559 33.

782 569 922 600 homines
937 570 968 599 in
998 569 1126 600 arbitrio
1147 569 1294 601 fortuito-

780 623 851 643 rum
877 620 907 642 et
930 622 992 642 non
1016 620 1132 648 contra,
1170 613 1213 642 vii
1242 618 1292 645 49.

779 654 874 685 homo
886 653 940 684 sibi
954 654 1106 684 malorum
1116 661 1216 691 autor,
1229 666 1290 686 non

779 697 864 730 deus,
887 697 905 726 i.
927 701 977 727 91.
1020 696 1159 727 homines
1183 698 1291 729 mone.

778 739 880 769 mollis
895 738 954 769 fert
971 739 1069 779 regio,
1084 739 1122 769 ix.
1138 742 1187 769 ult.
1208 751 1289 771 nunc

777 781 851 812 boni
876 782 907 811 in
928 791 1042 822 pugna,
1069 781 1129 812 alio
1150 790 1290 830 tempore

777 832 903 864 possunt
929 834 992 853 esse
1022 834 1140 865 segnes,
1174 829 1291 856 1x.27.

777 866 918 896 homines
932 865 1066 902 unoculi,
1087 880 1116 896 v
1129 867 1288 908 Arimaspi

776 908 926 943 homines,
951 907 1010 938 viri
1026 916 1057 938 et
1071 908 1193 939 feminae
1211 909 1286 940 calx-i

777 958 936 981 nascentes
950 950 1033 981 simis
1047 950 1171 982 naribus
1193 960 1224 982 et
1243 953 1288 982 in-

777 993 863 1034 genti
879 1001 996 1030 mento,
1019 993 1061 1028 iv,
1077 997 1126 1023 23.
1148 993 1286 1025 homine<

777 1035 954 1066 hominibus
978 1043 1144 1071 vescentes,
1168 1037 1178 1067 i
1213 1041 1285 1069 216.

777 1077 819 1108 iii.
834 1082 883 1109 99.
904 1078 1045 1108 homines
1060 1088 1146 1108 senos
1169 1089 1287 1110 menses

777 1120 974 1156 dormientes,
1002 1120 1043 1150 iv·
1067 1123 1126 1151 25.ν
1149 1121 1288 1152 homines

776 1162 928 1192 radicibus
939 1170 1105 1198 vescentes,
1119 1163 1137 1192 i.
1147 1167 1216 1193 202.
1230 1164 1288 1194 ho-

775 1205 875 1235 mines
909 1204 1050 1245 piscibus⁴
1076 1206 1176 1236 crudis
1198 1206 1285 1237 victi—

776 1255 886 1283 tantes,
901 1247 974 1277 ibid.
996 1247 1092 1277 homo
1107 1248 1208 1278 nullus
1222 1249 1285 1279 sine

776 1289 879 1330 aliquo
903 1289 996 1325 malo,
1021 1289 1071 1320 vii.
1093 1293 1162 1320 203.
1184 1291 1286 1321 homi·

775 1343 828 1362 nes
854 1332 1030 1373 capripedes
1055 1332 1086 1362 in
1115 1333 1284 1369 montibus,

776 1375 817 1404 iv.
852 1378 902 1405 25.
952 1374 1093 1404 homines
1127 1376 1284 1406 excoriant

776 1416 909 1456 Scythae,
947 1416 989 1446 iv.
1017 1421 1067 1447 64.
1120 1416 1285 1449 hominum

775 1459 982 1500 quorumdam
1007 1469 1078 1489 curn
1106 1460 1286 1491 mulieribus

776 1501 956 1531 concubitus
991 1501 1021 1531 in
1054 1503 1230 1542 propatulo,
1265 1503 1283 1533 i.

775 1547 846 1574 203.
868 1544 1015 1584 cujusque
1029 1543 1120 1592 mala,
1135 1545 1185 1574 vii.
1203 1548 1271 1576 152.

734 1587 888 1616 Humanae
905 1585 977 1616 vitae
999 1586 1082 1622 anni,
1106 1586 1126 1616 i.
1145 1590 1195 1617 32.
1225 1587 1283 1618 hu..

775 1639 875 1659 manae
897 1629 971 1659 vitae
1006 1627 1153 1665 brevitas,
1184 1638 1215 1659 et
1243 1642 1283 1661 ae-

774 1681 906 1707 rumnae‚
931 1670 981 1700 vii.
1004 1674 1055 1701 46.
1087 1670 1230 1702 humanis
1251 1672 1283 1702 in

773 1712 866 1743 rebus
887 1712 964 1743 nihil
978 1712 1098 1750 stabile,
1118 1713 1137 1744 i.
1153 1717 1203 1744 86.
1224 1714 1282 1745 hu-

771 1766 936 1785 manarum
962 1766 1067 1786 rerum
1095 1755 1285 1794 vicissitudo,

771 1805 802 1828 et
814 1797 960 1833 conditio,
976 1798 994 1827 i.
1008 1802 1057 1828 32.
1074 1797 1282 1830 humanarum

773 1851 878 1871 rerum
889 1840 1030 1874 circulus,
1043 1840 1062 1870 i.
1076 1844 1147 1871 207.

729 1883 890 1913 Horarum
903 1883 1053 1919 inventio,
1073 1882 1103 1912 ii.
1120 1886 1188 1914 109.

729 1925 849 1966 Hoples
865 1926 950 1955 Iones
965 1925 1099 1961 filiusyv.
1113 1929 1164 1956 66.

729 1967 850 1998 Hordei
865 1967 1010 1997 foliorum
1023 1974 1136 2008 quanta
1151 1967 1284 2000 latitudo

770 2009 853 2051 apud
878 2008 1073 2049 Babylonios,
1088 2009 1106 2040 i.
1125 2013 1193 2041 193.
1211 2028 1214 2029 4

730 2051 825 2082 Horti
839 2052 953 2089 Midae,
967 2052 1087 2082 Gordio
1099 2052 1209 2094 geniti,
1221 2053 1285 2084 viii.

773 2098 841 2125 138.

728 2137 920 2178 Hyacinthia
952 2136 1198 2169 Lacedaemoniis
1233 2148 1281 2168 so-

771 2179 895 2216 lemnia,
909 2180 947 2210 ix.
961 2185 991 2215 6,
1013 2183 1059 2210 ll.

729 2223 873 2263 Hyaenae,
886 2221 971 2258 ferae,
986 2222 1026 2252 iv.
1045 2225 1112 2253 192.

728 2265 913 2306 Hyampeus
928 2271 1038 2295 vertex
1054 2264 1206 2302 Parnassi,
1220 2263 1283 2295 viii.

727 2349 915 2392 Hyampolis
929 2349 1014 2388 urbe,
1035 2349 1099 2390 viii.
1112 2352 1163 2389 28,
1177 2353 1228 2383 33.
