1553 2739
289 309 331 336 46

751 304 987 337 INDEX.

333 389 494 421 foemineus
507 389 634 421 morbus
648 388 709 420 fam
718 390 848 420 Veneris
886 393 979 422 Fures
1004 391 1140 433 pecuniae
1168 393 1373 441 Sardanapali,
1406 396 1437 427 ii.

333 443 367 474 sp
370 432 569 463 ohatoribus
561 442 723 468 immissus,
743 432 761 462 i.
779 436 847 464 105.

295 475 442 505 Fodiendi
468 475 546 504 ratio
571 481 606 504 ut
631 482 713 504 terra
739 474 846 506 effossa

333 528 395 547 non
406 516 570 557 prodeat,
562 516 592 546 11.
610 520 677 548 150.

292 561 371 590 Fons
399 559 540 607 Thestes,
562 559 604 589 iv.
626 562 694 590 159.
715 558 783 591 fons
797 562 844 591 A-

332 601 462 643 pollinis,
479 602 498 631 1.
515 605 584 632 118.
604 601 672 632 fons
694 602 781 650 Solis,
805 603 844 633 iv.

335 648 402 674 181.
426 644 494 674 fons
521 644 709 686 Gargaphie,
740 645 844 676 111-95.

330 685 432 717 fontes
446 687 613 723 Maeandri,
638 698 689 717 vu.
703 691 753 717 26.
767 687 845 724 fons,

331 729 362 759 in
377 740 439 770 quo
462 730 515 770 qui
538 729 592 760 loti
608 736 688 766 sunt,
709 729 844 760 efficiun-

331 778 383 801 tur
395 772 521 813 perinde
533 779 625 812 atque
638 771 726 802 oleo
718 773 845 810 inuncti,

333 813 449 844 violam
476 814 602 851 olentes,
635 814 676 844 iii.
705 818 754 845 23.
776 814 843 845 fons

334 856 460 897 quidam
484 856 699 893 amarissimus,
724 857 766 887 iv·
793 862 845 894 52,

332 902 382 928 81.
415 899 515 929 fontes
546 909 661 929 novem
685 910 845 941 aquarum,

331 944 394 971 vide
410 943 533 972 Novem
551 941 659 971 fontes.

289 984 436 1015 Formicae
461 984 571 1014 Indicae
597 983 651 1013 ubi
683 991 845 1015 nascantur

329 1037 440 1057 canum
466 1027 691 1068 magnitudine,
722 1038 842 1057 earum-

330 1079 389 1109 que
405 1069 579 1110 descriptio,
590 1068 630 1099 iii
647 1073 716 1105 102,
727 1077 774 1099 etz..
797 1071 842 1100 ubi

329 1119 364 1141 ut
380 1111 438 1141 illis
464 1111 530 1141 Indi
553 1122 664 1141 aurum
689 1111 841 1142 suffuren-

329 1161 390 1184 tur.

287 1197 456 1226 Fortunam
482 1195 596 1226 bonam
622 1196 652 1226 in
669 1196 733 1227 vita
754 1204 786 1227 et
809 1196 839 1227 in

328 1246 429 1268 morte
444 1239 574 1280 experiri
587 1238 707 1269 difficile
723 1247 778 1275 est,
799 1239 841 1269 iii.

327 1285 378 1311 43.
398 1281 522 1311 fortuna
535 1280 693 1311 consilium
704 1282 840 1322 aliquan-

329 1324 369 1353 do
385 1331 518 1364 superat,
540 1324 589 1353 vii.
608 1327 654 1354 10.
681 1324 710 1363 §.
724 1328 754 1354 4.
776 1324 838 1354 for-

329 1366 429 1396 tunati
444 1366 537 1396 iidem
554 1376 673 1407 semper
685 1377 747 1396 non
759 1375 839 1404 sunt,

328 1408 347 1438 i.
361 1412 431 1439 2207.

288 1453 403 1481 Forum
418 1449 538 1480 nullum
554 1458 597 1481 est
610 1451 718 1488 Persis,
734 1452 752 1481 1.
770 1456 836 1483 153.

327 1493 393 1523 fora
409 1496 603 1528 Graecorum,
622 1492 695 1523 ibid.

286 1538 426 1566 Fratrem
453 1546 517 1576 prae
541 1536 652 1565 marito
679 1543 709 1566 et
738 1536 838 1567 liberis

328 1589 404 1608 uxor
427 1578 602 1625 Intaphern?
606 1589 619 1607 s
644 1578 763 1608 sdvum
787 1590 838 1609 cu-

326 1621 381 1662 pit,
407 1628 437 1650 et
461 1621 506 1650 sui
530 1620 671 1650 desiderii
685 1621 837 1651 rationem

324 1663 437 1698 reddit,
461 1662 501 1692 iii.
518 1666 587 1693 119.

286 1705 421 1747 Frigoris
440 1705 486 1735 vis
516 1705 598 1746 apud
632 1705 837 1736 Cimmerium

326 1749 508 1788 Bosporum,
524 1759 565 1777 iv.
579 1751 628 1777 98.

283 1792 412 1820 Fructus
448 1790 639 1837 quarundam
680 1789 836 1828 arborum,

326 1832 377 1873 qui
392 1833 490 1873 jactus
509 1843 539 1862 111
556 1843 660 1873 ignem
676 1833 770 1862 odore
783 1844 836 1863 5110

326 1875 554 1904 circumstantes
571 1874 711 1910 inebriat,
734 1875 752 1905 i.
767 1879 837 1905 902.

284 1917 419 1958 Fulgura
428 1926 457 1947 et
464 1917 600 1947 tonitrua
610 1917 654 1947 siv
656 1928 837 1965 0,σ.νξῆςηρες,

323 1960 354 1989 111
372 1959 485 1990 Xerxis
499 1959 667 1989 exercitum
677 1960 837 2008 ingruunt,

323 2010 354 2032 et
370 2002 543 2050 complures
555 2002 709 2038 occidunt,
724 2003 774 2032 vri.
785 2007 834 2033 42.

281 2043 434 2074 Fulmen
427 2055 457 2074 m
474 2045 555 2074 aedes
570 2044 667 2084 Scylae
679 2055 768 2086 reges
782 2045 834 2075 de-

323 2086 453 2128 lapsum,
467 2087 508 2117 iv·
525 2090 573 2118 79.
596 2086 727 2116 fulmina
742 2098 834 2128 gran-

322 2129 375 2159 des
390 2128 513 2159 arbores
537 2137 589 2159 aut
606 2129 735 2159 aedificia
762 2140 833 2170 per-

321 2171 452 2207 cutiunt,
478 2171 527 2201 vii,
558 2175 603 2201 10.
647 2171 777 2201 fulmina
802 2173 832 2202 in

320 2213 467 2244 barbaros
491 2213 622 2256 Delphis
646 2224 661 2244 e
678 2213 754 2244 coelo
781 2214 833 2245 de—

321 2256 422 2292 missa,
436 2256 496 2287 viii.
512 2260 560 2288 37.

282 2300 396 2342 Furens
409 2299 514 2335 homo,
530 2299 570 2330 iii.
585 2302 634 2330 38.

928 438 995 465 150.
1015 434 1098 464 sures
1118 436 1273 483 regiarum
1295 438 1436 479 Rhamp-

924 476 1005 507 siniti
1041 477 1240 517 pecuniarum
1269 486 1300 510 et
1325 491 1435 511 eorum

923 519 1053 554 solertia,
1069 519 1098 548 ii.
1116 523 1183 550 121.

883 562 1040 591 Fustuaria
1054 572 1159 603 pugna
1170 563 1253 605 apud
1267 564 1436 607 AEgyptios

922 603 954 633 in
970 604 1070 642 sacris,
1083 604 1115 634 11.
1130 607 1181 636 73·

1143 733 1181 762 G⁷

881 815 1015 850 Gnnrs,
1036 815 1076 845 iv.
1091 818 1120 845 8.

880 859 993 887 Gaeson
1009 857 1102 894 locus,
1117 858 1156 888 ix.
1171 861 1220 889 97.

879 899 1004 930 Galaica
1029 901 1126 941 regio,
1159 907 1251 930 aetate
1277 901 1432 932 Herodoti

920 942 1066 979 Briantia‚
1081 943 1132 972 vii.
1149 946 1219 973 108.

879 985 974 1014 Galea
990 985 1162 1022 Corinthia,
1177 985 1217 1015 iv.
1235 989 1305 1016 180.

879 1027 1038 1068 Galepsus,
1053 1029 1164 1057 Graeca
1174 1027 1261 1063 urbs,
1272 1028 1323 1059 vii.
1340 1033 1399 1059 1‘2‘2

878 1069 1007 1099 Gamori
1022 1070 1210 1110 Syracusani,
1232 1070 1282 1101 vii.
1299 1074 1367 1102 155.

878 1112 1026 1141 Gandarii
1042 1123 1114 1153 pop.
1130 1112 1171 1142 iii.
1185 1116 1236 1143 91.
1260 1123 1368 1143 eorum
1383 1124 1431 1143 ar-

919 1162 1040 1184 matura
1062 1162 1093 1184 et
1109 1155 1170 1185 dux
1192 1154 1224 1185 in
1252 1156 1364 1186 Xerxis
1377 1166 1429 1186 ex-

917 1197 1026 1233 ercitu,
1039 1197 1090 1227 vii.
1105 1201 1154 1228 66.

877 1240 1079 1269 Garamantes
1090 1251 1162 1281 pop.
1188 1247 1218 1270 et
1241 1250 1350 1271 eorum
1363 1250 1430 1271 mo-

917 1292 973 1316 res,
990 1281 1030 1311 iv.
1047 1285 1117 1318 174,
1130 1290 1156 1312 et
1173 1286 1240 1313 183.

875 1323 1053 1365 Gargaphie
1069 1324 1144 1360 fons,
1160 1325 1200 1355 ix.
1215 1328 1266 1361 25,
1280 1328 1330 1355 48.

877 1368 1019 1396 Gauanes
1034 1367 1176 1398 Temeno
1197 1367 1353 1403 oriundus,
1370 1367 1433 1398 viii.

919 1412 986 1439 137.

876 1452 1055 1489 Γεβελέϊζις,
1071 1451 1205 1488 damon,
1219 1451 1260 1482 iv.
1279 1456 1328 1483 94.

876 1493 953 1524 Gela
968 1504 984 1522 3
998 1494 1118 1524 Lindiis
1140 1494 1274 1530 condita,
1296 1494 1347 1524 vii.
1364 1498 1432 1525 153.

916 1536 981 1576 ejus
991 1544 1138 1576 tyrannus
1154 1537 1370 1578 Hippocrates,
1385 1537 1426 1566 vi.

915 1582 965 1608 953.
997 1579 1074 1608 Gela
1101 1579 1232 1609 Hieroni
1269 1590 1286 1608 a
1313 1579 1431 1609 Gelone

915 1620 1009 1650 fratre
1024 1621 1218 1658 demandata,
1236 1621 1288 1652 vii.
1307 1625 1376 1652 156·

875 1663 1004 1694 Geleon.
1019 1663 1097 1693 Ionis
1112 1663 1153 1693 fil.
1169 1675 1197 1693 v.
1213 1668 1262 1694 66.

874 1705 953 1736 Gelo
978 1705 1086 1735 Sicilia:
1110 1713 1268 1746 tyrannus,
1303 1705 1430 1746 ejusque

914 1748 1063 1789 potentia,
1079 1756 1109 1778 et
1122 1759 1204 1788 opes,
1216 1749 1266 1778 vii.
1280 1751 1348 1784 145,
1360 1752 1429 1783 153,

917 1795 987 1826 157,
1016 1794 1083 1821 158-
1112 1791 1269 1831 quomodo
1296 1791 1427 1820 creverit

914 1840 944 1864 et
967 1833 1005 1863 ad
1020 1843 1150 1873 regnum
1166 1833 1350 1873 pervenerit,
1375 1833 1429 1862 vij.

917 1879 984 1911 153,
1003 1879 1071 1910 154,
1089 1879 1157 1910 155,
1183 1883 1231 1905 etc.
1253 1876 1331 1906 circa
1353 1885 1425 1905 eum

912 1926 942 1948 et
976 1917 1093 1958 legatos
1129 1919 1312 1948 Graecorum
1348 1924 1427 1954 acta,

912 1960 964 1990 vii.
981 1964 1050 1995 1523,
1067 1963 1136 1996 154,
1149 1967 1196 1990 etc.
1217 1961 1282 2001 ejus
1296 1970 1344 1990 res
1357 1970 1425 2001 ges-

911 2010 963 2038 tae,
979 2002 1030 2032 vii.
1048 2005 1118 2038 155,
1134 2006 1204 2038 156,
1221 2006 1289 2033 158.

871 2045 1008 2076 Gelonus
1022 2044 1167 2075 Herculis
1181 2044 1271 2080 filius,
1285 2044 1327 2074 iv.
1343 2048 1391 2075 10.

870 2087 1008 2118 Gelonus
1044 2086 1237 2117 Budinorum
1263 2086 1344 2123 urbs,
1381 2087 1422 2118 iv.

914 2134 981 2159 108.

870 2171 981 2202 Geloni
992 2171 1147 2212 quondam
1159 2171 1271 2208 Graeci,
1282 2171 1356 2202 ibid.
1369 2182 1420 2202 eo-

911 2224 981 2244 rum
997 2224 1108 2249 mores,
1129 2213 1170 2244 iv·
1190 2217 1257 2245 109.

871 2256 950 2287 Gelu
966 2256 1136 2286 maximum
1151 2255 1214 2292 ubi,
1228 2256 1267 2286 iv.
1280 2259 1328 2286 98.

871 2298 1021 2330 Genitura
1033 2298 1179 2329 Indorum
1189 2298 1292 2340 qualis,
1306 2298 1423 2336 iii-101,
