1553 2739
283 352 323 380 42

324 442 405 471 tura,
418 434 438 465 i.
455 436 523 465 191.
545 443 641 474 equos
655 432 836 475 qudrijugos

322 477 453 519 jungere
469 475 572 506 Graeci
595 474 632 504 ab
647 475 734 505 Afris
757 477 836 506 ‹hdi-

324 530 403 555 cere,
427 530 466 548 ιν.
485 521 552 549 189.
574 527 668 558 equos
691 518 729 547 ad
743 529 836 548 xena-

322 569 391 592 tum
417 561 448 590 in
465 567 608 590 ventrem
632 559 743 590 cubare
763 562 836 591 edo-

323 612 388 634 ctos
400 603 515 633 ducunt
527 602 655 643 Iyrcae,
647 614 687 632 ιν.
702 606 750 632 22.
765 604 835 644 equi

322 646 530 687 Sigynnarum
543 644 656 686 quales,
673 656 704 675 v·
722 649 740 675 9
765 646 835 686 equi

323 696 452 729 satrapae
465 687 637 728 Babylonii,
652 688 669 717 i.
682 691 751 718 192.
765 689 835 728 equi

323 730 484 767 Indorum,
509 730 551 759 iii.
577 734 645 760 106.
688 730 759 770 equi
785 730 835 760 sil-

322 780 438 803 vestres
454 772 584 808 candidi,
611 773 651 802 iv.
666 776 716 803 52⁶.
738 783 833 814 equo—

322 826 393 845 rum
407 814 489 863 jubae
505 826 562 857 pro
579 814 685 850 cristis,
713 818 831 846 v11.70.

322 858 395 898 equi
421 857 488 888 vim
517 857 637 898 hyemis
661 857 766 887 ferunt
802 857 833 887 in

323 900 458 940 Scythia,
482 910 575 941 quam
602 910 657 929 nec
680 900 756 929 muli
779 911 833 930 nec

322 943 406 979 asini,
420 943 459 972 iv.
474 946 522 971 28.
544 941 615 982 equi
630 942 834 983 quinquagin-

323 993 356 1015 ta
382 984 613 1025 strangulantur
637 984 674 1014 ad
698 985 833 1026 sepulcra

320 1037 431 1068 regum
452 1026 648 1067 Scytharum,
669 1027 709 1056 iv,
731 1030 778 1057 72.
802 1038 833 1056 e-

319 1070 373 1110 qui
389 1069 493 1105 Nisaei,
503 1069 542 1098 iii.
555 1072 624 1099 106.
638 1069 747 1099 vii.4o.
762 1070 832 1110 equi

319 1111 381 1141 albi
406 1111 515 1142 triceni
531 1122 548 1141 a
565 1110 713 1142 Cilicibus
736 1113 832 1142 Dario

319 1155 411 1195 pendi
427 1154 516 1189 soliti,
540 1153 580 1183 iii.
596 1158 645 1185 90.
668 1154 738 1195 equi
753 1154 832 1184 hini-

319 1204 354 1226 tu
378 1197 492 1226 Darius
517 1195 674 1237 quomodo
700 1207 831 1238 regnum

318 1246 435 1275 nactus,
458 1239 563 1274 5185,
587 1242 637 1274 86,
654 1241 703 1270 87-
736 1248 832 1280 equus

319 1281 454 1311 Masistii
472 1281 572 1322 ipsum
588 1281 712 1316 excutit,
729 1281 767 1311 ix.
782 1286 831 1311 2⁴2.

318 1334 399 1364 equo
415 1334 503 1354 crura
527 1334 598 1354 cum
624 1323 755 1364 genibus
777 1323 830 1354 ab-

318 1367 415 1402 scissa,
450 1366 534 1413 quod
558 1366 719 1396 dominum
753 1374 829 1396 stra-

317 1416 416 1445 verat,
441 1420 492 1438 vu.
508 1412 557 1438 88.
591 1419 687 1449 equus
701 1408 829 1449 Artybii

317 1450 349 1481 in
375 1460 528 1481 armatum
554 1452 631 1492 erigi
654 1451 772 1488 doctus,
797 1463 827 1482 v-

319 1497 388 1523 111.

275 1536 463 1577 Equisonem
495 1535 576 1577 regis
609 1536 731 1576 Scythae
758 1547 828 1566 cum

316 1589 389 1626 rege
401 1578 545 1609 defuncto
558 1578 716 1618 sepeliunt,
728 1579 768 1609 iv.
781 1582 830 1609 71.

316 1621 468 1661 equisonis
493 1628 524 1651 et
539 1620 609 1661 equi
625 1621 740 1651 virtute
762 1623 828 1651 Da-

315 1663 378 1693 rius
393 1662 431 1692 ad
452 1673 585 1704 regnum
604 1663 765 1704 promotis,
788 1664 827 1694 iii.

315 1709 367 1741 85,
381 1710 431 1740 86,
447 1709 486 1735 δ”
475 1719 496 1736 t.

272 1748 436 1788 Equitatus
465 1747 578 1778 Xerxis
602 1755 743 1789 quantus,
778 1748 828 1778 vii.

315 1794 364 1826 84,
387 1798 437 1820 etc.

272 1833 420 1880 Equitare
433 1833 543 1863 docent
564 1832 676 1863 liberos
691 1832 794 1863 statim
811 1843 827 1862 a

315 1875 423 1916 quinto
435 1886 513 1905 anno
528 1877 638 1911 Pmsae,
657 1875 676 1904 i.
697 1879 708 1904 1
715 1880 764 1906 ²36.

271 1918 399 1958 Equites
414 1920 543 1958 Sparta,
557 1918 609 1947 viii
634 1921 701 1947 124.

271 1959 415 1989 Eiesinus
441 1960 564 1995 fluvius,
588 1960 629 1990 xi
648 1963 698 1990 76-
735 1960 825 1990 Cleo-

314 2002 411 2032 menis
427 2003 464 2032 de
480 2013 517 2032 eo
532 2002 661 2038 dictum,
675 2002 749 2032 ibid.

270 2044 462 2074 Erechtheus
498 2055 550 2074 rex
577 2045 825 2075 Atheniensium.

314 2087 375 2116 viii.
389 2091 438 2116 44.
474 2086 627 2127 Orithyiae
654 2095 751 2128 pater,
771 2087 823 2117 vii-

314 2133 382 2160 189.
407 2129 444 2159 ab
462 2130 603 2159 Homero
620 2128 769 2165 laudatus,
796 2130 824 2159 ii.

312 2175 361 2201 528.
395 2171 422 2201 ei
437 2172 518 2211 apud
533 2171 649 2201 Athen.
673 2182 755 2200 sacra
781 2171 824 2201 af-

311 2213 413 2244 ferunt
442 2214 611 2255 Epidaurii‚
635 2225 663 2243 v.
679 2218 727 2243 82.
760 2214 824 2254 ejus

311 2256 465 2297 templum
488 2256 518 2286 in
543 2266 610 2286 arce
625 2256 822 2286 Atheniensi-

311 2309 377 2334 um,
392 2299 453 2328 viii.
467 2303 517 2329 55.

270 2341 415 2372 Eresione
432 2340 574 2376 Homeri,
597 2341 626 2370 ii.
642 2345 692 2371 33
717 2348 822 2371 contra

311 2383 466 2415 Eretriam
482 2391 512 2415 et
526 2383 741 2424 Atheniense5‚
766 2384 822 2415 du-

745 350 986 382 INDEX.

915 445 964 464 ces
989 436 1152 465 Persarum
1180 436 1273 474 missi,
1308 449 1338 469 v.
1374 441 1425 470 94·

916 477 1137 507 Eretriensium
1164 486 1194 508 et
1211 481 1372 510 Persarum
1395 492 1427 511 a-

915 519 972 549 cris
987 530 1102 567 pugna,
1115 520 1157 550 vi·
1177 524 1243 551 101
1259 523 1379 553 Eretria
1394 532 1426 553 et

915 561 1105 591 Eretrienses
1130 573 1147 592 a
1174 563 1273 593 Persis
1298 564 1426 601 subacti,

914 604 953 633 vi
984 607 1051 634 101.
1087 605 1308 636 Eretriensium
1333 617 1426 637 naves

915 646 1048 676 Milesiis
1074 647 1269 684 auxiliantur,
1295 655 1329 679 ut
1355 659 1426 690 gra-

913 687 988 717 tiam
1015 688 1154 725 reddant,
1182 701 1211 719 v.
1227 694 1276 721 99.
1308 691 1426 720 Eretri-

913 740 998 760 enses
1025 732 1122 767 Iones,
1143 731 1207 762 viii.
1223 736 1274 762 46.
1306 732 1423 763 Eretri-

912 783 998 803 enses
1013 775 1087 803 Susa
1110 773 1234 804 abducti
1257 774 1425 805 clementer

912 826 929 844 a
943 816 1040 846 Dario
1055 816 1189 852 tractati,
1203 816 1254 846 vii.
1270 820 1340 848 119-

870 857 1018 888 Eridanus
1055 858 1167 889 fluvius
1192 858 1295 889 fabula
1321 861 1423 890 Hero-

911 901 997 936 doto,
1011 900 1050 930 iii.
1070 904 1137 931 115.

869 942 1019 982 Erinnyes
1033 943 1102 973 Laii
1120 950 1150 973 et
1167 943 1290 985 Oedipi,
1303 943 1343 974 iv.
1354 947 1424 975 149.

868 985 1041 1025 Erinnyum
1057 985 1232 1022 delubrum,
1244 986 1286 1016 iv.
1302 990 1371 1018 149.

868 1026 1006 1056 Erochus
1020 1027 1101 1063 urbs,
1119 1028 1180 1057 viii.
1195 1032 1245 1058 33.

868 1071 964 1099 Error
978 1070 1058 1109 parit
1074 1069 1194 1105 damna,
1211 1070 1262 1100 vii.
1279 1075 1326 1101 10.
1339 1071 1368 1110 ξ,
1380 1076 1409 1102 6.

868 1112 1035 1148 Erxander,
1053 1112 1125 1143 Cois
1136 1120 1234 1154 pater,
1260 1113 1302 1143 iv.
1317 1117 1366 1144 97.
1392 1124 1423 1144 v.

868 1196 980 1236 Erycis.
996 1196 1093 1238 regio,
1118 1196 1366 1235 Heraclidarum,
1391 1209 1421 1229 v.

910 1243 958 1269 43.

866 1282 928 1321 Ery
933 1281 999 1311 cina
1013 1281 1109 1329 regio,
1125 1293 1154 1312 v.
1168 1285 1220 1313 45-

867 1324 965 1364 Eryth
981 1333 998 1352 a
1012 1335 1039 1353 tr
1045 1324 1142 1361 sulas
1135 1335 1174 1355 iv.
1194 1328 1223 1354 8.

865 1368 973 1408 'Empe‘
963 1381 978 1398 a
994 1367 1086 1401 βῶὶος
1112 1366 1184 1397 urbs
1211 1367 1252 1397 sic
1275 1367 1367 1404 dicta,
1393 1370 1424 1398 id

907 1421 955 1441 est.
971 1411 1056 1438 rubra
1075 1411 1168 1450 gleba,
1188 1409 1217 1439 ii.
1235 1413 1306 1440 Ill.

865 1451 1062 1491 E1·ythrae‚i-
1081 1455 1146 1481 142.

866 1493 1100 1533 Erythraeorum
1115 1504 1185 1524 cum
1197 1493 1282 1525 Chiis
1293 1493 1422 1531 bellum,

907 1536 925 1565 i.
943 1539 988 1565 18.

865 1579 1009 1618 Erythrae
1044 1580 1143 1609 Boeot.
1172 1579 1211 1609 ix.
1235 1582 1284 1615 15,
1319 1586 1344 1609 ei
1373 1583 1420 1611 19.

908 1622 1063 1661 Erythraei
1080 1629 1110 1651 et
1128 1621 1199 1652 Chii
1213 1621 1342 1651 eandem
1358 1632 1420 1652 ser-

905 1664 1006 1694 monis
1038 1663 1262 1705 proprietatem
1287 1671 1421 1701 servant,

907 1705 925 1734 i.
943 1709 1013 1735 14¹2.

863 1748 1026 1788 Erythraea
1053 1747 1126 1778 urbs
1148 1758 1252 1789 aspera
1275 1755 1306 1778 et
1328 1758 1415 1778 mon-

905 1797 979 1826 tosa,
999 1791 1027 1821 ii.
1048 1794 1094 1820 18.

863 1834 977 1872 Erny,
1012 1832 1162 1864 Arcesilai
1188 1831 1281 1862 vidua
1313 1833 1418 1863 mariti

904 1875 1160 1916 interemptorem
1175 1883 1273 1910 necat,
1290 1874 1330 1905 iv.
1347 1879 1416 1906 160.

862 1918 1030 1948 Etearchus
1046 1928 1096 1947 rex
1109 1917 1183 1953 Axi,
1197 1918 1238 1947 iv.
1256 1921 1324 1948 154.
1339 1917 1414 1948 alius

903 1960 1147 1989 Ammoniorum
1162 1970 1226 1995 rex,
1240 1959 1270 1989 ii.
1281 1963 1331 1989 32.

863 2001 1001 2032 Eteocles
1022 2002 1242 2032 Laodamantis
1261 2009 1360 2043 pater,
1385 2013 1415 2033 v.

902 2048 952 2075 61.

862 2087 976 2116 Etesias
1001 2097 1063 2117 non
1088 2097 1149 2116 esse
1177 2096 1310 2116 caussam
1337 2096 1413 2128 aug—

903 2129 1001 2159 menti
1018 2129 1092 2164 Nili,
1110 2130 1138 2158 ii.
1155 2132 1202 2159 20.

861 2172 1027 2201 Euaenetus
1043 2171 1153 2202 Careni
1170 2170 1260 2207 filius,
1274 2170 1325 2201 vii.
1344 2174 1411 2202 173.

860 2215 1016 2253 liu-..goras
1029 2215 1124 2249 Luco,
1142 2213 1180 2243 vi.
1199 2217 1266 2243 1023.

859 2255 1019 2285 Euulcides
1034 2255 1253 2285 Eretriensium
1268 2255 1341 2292 dux,
1364 2254 1413 2286 vit

901 2297 1038 2333 illustris,
1064 2309 1093 2328 v-
1114 2301 1181 2328 1052.

860 2339 975 2370 Euboea
999 2340 1106 2376 insula,
1131 2350 1243 2381 magna
1265 2350 1298 2369 ac
1313 2338 1414 2374 beata,

901 2384 1007 2426 Cypro
1021 2393 1084 2415 non
1100 2381 1236 2422 inferior,
1257 2393 1286 2413 v.
1300 2385 1350 2414 31.
1364 2382 1417 2423 βά,
