1553 2739
594 310 826 347 INDEX.
1260 313 1282 342 5

174 398 237 438 fex,
261 399 332 431 ibid.
352 404 483 439 suntque
506 400 575 436 rasi,
595 399 625 430 ii.
638 402 689 446 86,

176 447 229 474 37.
256 452 364 472 eorum
389 442 628 481 superstitiones,
659 440 678 469 ii

176 488 228 515 65.
249 493 280 514 et
295 483 478 513 nominatim
490 484 569 514 circa
578 483 688 514 bestias

176 527 334 567 quasdam,
358 525 430 555 ibid.
462 525 520 555 illis
543 525 687 556 sacrificia

178 569 233 599 sub
247 568 373 608 Cheope
388 567 558 604 interdicta,
574 568 604 598 ii.
621 571 688 598 124.

177 621 196 640 a
211 611 378 651 Mycerino
401 610 553 646 restituta,
574 610 603 639 ii.
621 614 688 641 129.

176 663 286 682 eorum
336 651 414 681 circa
468 653 614 682 Cererem
658 659 688 682 et

178 694 430 735 Rhampsinitum
447 695 640 731 ceremoniae,
660 695 689 724 ii.

180 740 248 766 123.
269 737 399 766 deorum
422 736 526 766 omnia
546 736 610 766 fere
633 747 689 766 no-

178 779 263 808 mina
285 777 323 808 ab
338 778 374 807 iis
387 777 425 807 ad
441 780 567 808 Graecos
582 789 692 819 perve-

177 827 303 856 nerunt,
323 819 353 849 ii.
365 823 414 849 50.
440 819 601 850 duodecim
617 821 693 850 deo-

176 873 247 892 rum
264 861 447 903 cognomina
469 862 562 903 primi
588 863 619 892 in
633 873 689 892 usu

176 904 360 939 habuerunt,
374 904 402 933 11.
413 908 442 933 4-
456 904 548 944 primi
558 904 614 934 diis
626 915 691 935 aras

177 954 209 976 et
224 946 384 976 simulacra
406 954 436 976 et
452 946 580 976 delubra
594 955 689 977 statu-

176 996 278 1024 erunt,
299 987 372 1018 ibid.
400 998 533 1028 quorum
559 989 688 1019 deorum

177 1031 302 1060 nomina
328 1030 471 1066 nesciant,
499 1031 528 1061 ii.
543 1036 592 1062 50.
613 1042 689 1072 quo-

176 1083 247 1102 rum
261 1072 391 1102 deorum
405 1073 536 1109 oracula,
557 1073 688 1104 habeant

177 1115 206 1145 ii.
231 1118 280 1145 83.
324 1114 366 1144 dii
392 1115 554 1155 aliquando
579 1127 688 1145 eorum

177 1157 384 1198 principatum
423 1158 615 1193 obtinebant,
660 1158 688 1188 ii.

180 1203 248 1229 144.
280 1198 423 1240 pudenda
456 1200 688 1230 circumcidunt

177 1241 207 1271 ii.
221 1245 273 1277 36,
297 1245 365 1271 104.
391 1252 461 1271 cum
476 1241 547 1271 feris
561 1253 688 1272 vescun-

177 1291 238 1319 tur,
261 1283 290 1312 ii.
306 1287 355 1313 36.
377 1293 485 1313 eorum
500 1284 646 1321 victimae,
660 1285 688 1314 ii.

177 1330 289 1361 41,etc.
322 1336 407 1355 suem
432 1336 494 1355 non
519 1326 614 1361 alunt,
649 1327 688 1356 iv.

180 1372 247 1398 186.
281 1378 342 1408 quo
376 1375 516 1408 tempore
541 1379 606 1398 sues
631 1369 689 1398 irn-

175 1410 293 1440 molent
305 1419 336 1440 et
347 1421 452 1439 earum
466 1421 554 1440 carne
566 1422 689 1441 vescan-

176 1460 240 1488 tur,
260 1452 289 1482 ii.
313 1456 365 1488 47,
388 1455 436 1482 48.
471 1463 579 1482 eorum
603 1453 688 1483 ablu-

177 1496 276 1524 tiones
300 1503 369 1535 post
397 1502 569 1525 contactam
591 1506 687 1532 wem,

177 1537 206 1566 ii.
221 1541 271 1567 47.
305 1537 357 1577 qui
381 1536 540 1567 Thebanae
563 1538 688 1577 provin-

178 1581 244 1615 6116,
264 1578 302 1608 ab
323 1578 405 1608 ovib.
426 1579 579 1610 abstinent
593 1588 624 1610 et
640 1591 688 1610 ca-

177 1632 247 1662 pras
258 1621 431 1657 immolant,
455 1621 485 1651 ii.
507 1625 555 1651 42.
582 1630 688 1652 contra

175 1664 292 1694 faciunt
330 1663 476 1705 AEgyptii
514 1664 686 1695 Biendesiae

176 1705 355 1747 provinciae,
388 1705 461 1736 ibid.
497 1714 523 1736 et
555 1710 607 1737 46.
636 1707 688 1737 de-

178 1748 304 1789 scriptio
326 1758 434 1778 eorum
457 1748 509 1789 qui
525 1756 595 1778 sunt
610 1749 688 1779 circa

176 1799 296 1831 partem
319 1791 455 1831 AEgypti
492 1790 688 1821 frnmentari-

179 1843 241 1866 am,
264 1832 293 1862 11.
308 1835 358 1863 77.
391 1843 499 1862 eorum
515 1833 566 1874 qui
590 1833 621 1863 in
636 1844 688 1874 pa-

177 1874 202 1904 l
202 1874 301 1904 dibus
323 1882 403 1909 sunt,
423 1885 524 1905 mores
549 1883 580 1905 et
603 1875 689 1905 insti-

175 1926 255 1953 tuta,
277 1916 305 1946 ii.
321 1921 371 1952 92,
388 1921 437 1947 93.
463 1917 688 1958 [Egyptiorum

176 1959 277 1990 luctus
291 1967 321 1989 et
337 1958 511 1999 sepulturae,
532 1960 560 1989 ii.
573 1963 624 1993 95,
638 1963 688 1994 86,

176 2009 224 2031 etc.
247 2011 313 2031 mos
329 2001 440 2042 triplex
467 2001 496 2030 in
513 2002 689 2032 condiendis

176 2043 385 2078 cadaveribus,
427 2043 456 2073 ii.
488 2048 540 2080 86,
564 2048 616 2080 87,
641 2047 690 2074 88.

179 2096 287 2116 eorum
319 2085 477 2126 scriptura:
506 2094 537 2116 et
573 2085 690 2116 littera-

176 2136 248 2158 rum
259 2127 372 2168 duplex
384 2139 464 2164 usus,
477 2128 506 2158 ii.
517 2133 568 2159 36.
582 2139 690 2158 eorum

176 2171 360 2211 interpretes
383 2181 401 2200 a
423 2170 534 2211 quibus
558 2171 690 2207 oriundi,

178 2212 209 2242 ii.
226 2216 293 2242 154.
314 2222 423 2242 eorum
438 2213 525 2253 pueri
551 2212 690 2254 linguam

179 2254 324 2295 AEgyptii
339 2255 471 2284 maxime
487 2255 600 2285 salubri
624 2265 690 2284 cor-

179 2306 255 2337 pore
287 2295 327 2326 ob
350 2307 453 2326 aerem
490 2297 544 2338 qui
565 2304 610 2327 est
632 2297 691 2327 im-

180 2337 376 2376 mutabilis,
368 2339 399 2369 11.
424 2342 472 2370 '77.
497 2346 633 2382 purgant
661 2350 690 2369 se

765 394 892 436 singulis
905 393 1071 431 mensibus,
1083 393 1157 424 ibid.
1170 404 1280 425 eorum

767 438 867 479 capita
882 447 976 478 quam
989 436 1091 473 firma,
1104 443 1135 466 et
1150 447 1216 473 cnr,
1239 437 1282 468 iii.

769 484 816 510 1).
851 479 998 521 AEgyptii
1030 479 1143 509 medici
1173 479 1282 509 ceteris

765 522 1003 569 praestantiores,
1026 521 1066 551 iii.
1096 525 1164 552 129.
1196 521 1279 563 apud

766 563 936 606 AEgyptios
946 574 1006 593 vm
1019 562 1106 594 binas
1116 570 1215 594 vestes
1225 563 1280 594 ha-

766 606 852 643 bent,
875 606 999 636 feminae
1015 605 1158 647 singulas,
1186 606 1216 636 ii.
1230 611 1280 638 36.

766 656 866 679 vestes
878 658 988 678 eorum
1013 648 1100 679 lineae
1116 630 1258 689 qliales,
1250 649 1281 679 11.

767 695 816 721 81.
830 698 999 732 unguenta,
1019 690 1048 720 11.
1064 694 1112 722 94.
1127 701 1229 728 naves,
1251 691 1282 721 ii.

769 738 818 764 96.
851 742 960 763 eorum
981 733 1138 773 mysteria,
1162 733 1191 763 ii.
1208 736 1279 769 170,

770 779 838 806 171.
851 785 960 806 eorum
975 785 1063 816 reges
1091 775 1121 805 ii.
1143 779 1195 812 99,
1211 779 1282 811 100,

769 821 839 853 101,
863 820 1281 854 102,111,112,121,124,

771 863 840 896 127,
858 863 927 896 129,
951 863 1282 897 136-,137,141,147,

769 905 839 938 151,
863 905 1120 938 158‚160‚161,
1144 905 1216 938 172,
1239 902 1281 933 111.

769 948 816 974 10.
830 955 938 974 eorum
954 944 1009 973 sub
1025 943 1145 974 duobus
1156 943 1282 986 regibus

767 986 932 1022 calamitas,
961 986 990 1016 ii.
1020 990 1088 1016 128.
1131 988 1279 1030 AEgyptii

766 1028 950 1058 bellatores
943 1039 974 1058 111
989 1039 1104 1070 magno
1119 1037 1278 1060 contemtu

767 1071 894 1101 Sethoni
908 1071 973 1112 regi
989 1082 1053 1107 sun,
1080 1071 1111 1101 ii.
1130 1075 1197 1101 141.
1219 1074 1278 1103 ΙΕ-

767 1114 868 1154 gyptii
889 1095 1065 1143 libertatem
1085 1113 1187 1154 adepti
1202 1114 1281 1144 duo·

767 1156 868 1185 decim
898 1155 954 1185 sibi
987 1166 1075 1197 reges
1113 1156 1280 1187 constitue-

767 1205 849 1233 runt,
873 1197 902 1227 ii.
919 1201 986 1228 147.
1011 1198 1159 1239 AEgyptii
1173 1209 1191 1228 a
1204 1209 1279 1240 rege

766 1240 866 1281 Aprie
878 1250 932 1270 cur
945 1240 1139 1277 desciverint,
1152 1241 1193 1271 iv.
1210 1245 1279 1272 159.

766 1293 874 1312 eorum
898 1282 996 1312 clades
1018 1293 1035 1312 a
1051 1283 1209 1323 Cyrenaeis
1230 1294 1280 1314 ac—

767 1332 866 1366 cepta,
890 1324 962 1354 ibid.
984 1324 1015 1354 in
1029 1324 1137 1366 fugam
1152 1334 1279 1356 vertun-

767 1374 828 1403 tur,
861 1377 878 1396 a
904 1367 1014 1402 Persis,
1037 1367 1078 1397 iii.
1106 1371 1153 1397 11.
1177 1377 1278 1399 morte

766 1409 906 1439 mulctati
944 1420 961 1438 a
995 1410 1148 1450 Cambyse
1181 1421 1280 1451 quum

765 1453 851 1492 Apin
878 1451 1078 1487 celebrarent,
1113 1452 1153 1482 iii.
1179 1457 1228 1484 29.
1261 1464 1279 1483 a

767 1493 920 1534 Cambyse
935 1493 1061 1528 subacti,
1081 1505 1099 1523 a
1114 1495 1212 1524 Persis
1227 1496 1282 1525 de-

764 1536 884 1573 ficiunt,
898 1537 949 1567 vii.
966 1540 992 1566 1.
1009 1547 1026 1565 a
1042 1538 1147 1566 Xerxe
1162 1537 1279 1569 subacti

765 1578 877 1614 denuo,
891 1579 942 1608 vii.
957 1583 984 1609 7.
1006 1579 1062 1619 ipsi
1074 1586 1104 1608 et
1121 1578 1280 1610 Phoenices

765 1628 954 1651 commeatus
977 1629 1172 1661 comportant
1192 1632 1279 1652 exer-

765 1663 838 1693 citui
865 1664 987 1694 Persico
1012 1671 1118 1693 contra
1144 1665 1281 1701 Graecos,

764 1705 815 1735 vii.
827 1708 877 1736 25.
886 1706 987 1736 navali
996 1706 1027 1735 in
1036 1716 1141 1747 pugna
1151 1708 1278 1743 strenui,

765 1748 827 1778 viii.
845 1752 892 1779 17.

723 1790 894 1832 AEgyptius
919 1789 1044 1832 quidam
1064 1789 1281 1829 vocalissimus,

765 1833 805 1863 iv.
823 1836 891 1863 141.

724 1875 878 1916 AEgyptio
891 1874 1017 1905 thorace
1026 1875 1056 1905 in
1071 1885 1176 1917 pugna
1188 1884 1280 1906 utun·
1311 1885 1316 1889 ’

768 1926 819 1947 tur
836 1920 947 1953 Persae,
961 1917 980 1946 i.
997 1921 1065 1948 135.

726 1959 950 2000 AEgyptiacum
966 1959 1076 1995 linum,
1090 1960 1118 1989 ii.
1137 1963 1206 1991 105.

726 2004 826 2032 AEnea
840 2001 923 2037 urbs,
944 2001 997 2031 vii.
1013 2005 1081 2031 123.

726 2044 942 2074 AEnesidemus
979 2044 1095 2074 Pataici
1120 2044 1212 2080 filius,
1236 2056 1290 2075 sa-v

766 2086 853 2116 telles
869 2086 1079 2127 Hippocratis,
1092 2086 1142 2116 vii.
1161 2091 1228 2117 154.

727 2127 944 2159 AEnesidemus
955 2128 1111 2159 Theronis
1123 2137 1221 2170 pater,
1232 2129 1283 2159 vii.

773 2174 844 2202 165.

728 2213 877 2254 AEnigma
903 2212 1086 2254 Hipparcho
1122 2223 1177 2255 per
1202 2223 1293 2244 som-—

769 2256 855 2285 nium
871 2255 999 2290 dictum,
1023 2266 1052 2285 v.
1066 2258 1116 2286 56.

728 2297 878 2338 AEnigma
892 2297 1100 2337 piscatorium,
1123 2297 1154 2328 ii.
1168 2300 1223 2328 35.

728 2340 861 2378 AEnyra,
873 2339 972 2379 regio,
993 2339 1033 2369 vi.
1048 2343 1098 2371 47.

974 2384 1034 2411 ass
