1553 2739
597 340 868 374 ‘INDEX'-

153 427 410 472 'Hephaestienses
435 428 467 458 in
504 429 638 464 Lemno,
673 427 716 457 vi.

158 514 317 546 Heraclea
354 512 465 545 Siciliae
502 511 540 543 ab
577 511 717 543 Hercule

203 557 338 593 condita,
353 567 383 587 v.
397 560 447 586 43.

162 600 339 631 Heraclidae
355 609 392 629 ex
417 597 541 629 Jardani
556 596 665 628 ancilla
687 604 718 627 et

203 641 343 673 Hercule
372 640 482 682 geniti,
508 639 527 670 i.
548 643 577 670 7.
608 649 718 670 eorum

202 684 372 726 imperium
387 682 536 724 quamdiu
559 681 718 712 duraverit

202 727 235 757 in
260 727 338 757 Asia
363 733 395 756 et
423 733 457 755 ut
471 724 565 755 fuerit
591 723 719 754 transla-

203 776 285 806 tum,
308 769 328 799 i.
342 772 371 799 7.
393 778 501 798 eorum
516 766 594 797 ultio
616 767 648 796 in
673 774 719 797 at-

203 819 351 853 nepotem
364 810 465 851 Gygis
477 809 633 844 devoluta,
643 808 662 838 i.
674 812 720 839 13.

161 853 341 886 Heraclidae
356 853 387 882 in
410 852 657 893 Peloponnesum
672 862 720 881 re-

205 896 272 927 dire
285 895 396 930 conati,
413 894 452 926 ix.
466 898 516 925 26.

165 938 350 972 Heraclides
375 937 508 967 Ibanolis
532 935 575 966 fil.
600 947 631 966 v.
654 939 721 966 12¹2.

208 982 274 1023 ejus
298 979 416 1011 insidiae
452 979 553 1010 Persis
585 986 720 1014 struem,

208 1024 281 1055 ibid.

167 1066 349 1099 Heraclides
357 1063 527 1097 Aristodici
538 1063 659 1105 Cymaei
668 1073 722 1105 pa-

210 1116 270 1146 ter,
291 1109 310 1139 i.
328 1112 396 1139 158.

169 1150 352 1184 Heraclides
379 1149 574 1190 Aristagorae
602 1147 723 1189 Cymaei

210 1201 310 1235 pater,
330 1204 360 1223 v.
374 1197 424 1223 37.
717 1225 723 1230 .

170 1237 280 1268 Heraei
294 1235 367 1266 urbs
382 1235 445 1265 sive
461 1232 667 1275 Heraeopolls,
684 1233 724 1263 iv.

213 1284 263 1311 90.

172 1320 327 1353 Hercules
339 1318 573 1360 Amphitryone
596 1325 626 1348 et
649 1317 724 1347 Alc-

212 1374 304 1395 mena
327 1363 458 1404 genitus,
479 1362 509 1391 ii.
522 1365 575 1397 43,
598 1365 650 1396 44,
674 1363 727 1396 45,

216 1409 288 1441 145,
314 1409 382 1436 146.
413 1404 479 1445 ejus
494 1412 556 1433 tres
577 1403 665 1433 liberi
690 1414 726 1433 ex

214 1448 365 1483 Echidna,
386 1447 428 1477 iv.
448 1450 494 1476 10.
530 1456 567 1475 ex
590 1445 728 1476 Hercule

214 1499 245 1522 ct
270 1489 517 1522 Jardaniancilla
539 1488 636 1528 geniti
662 1490 727 1518 He-

215 1533 350 1569 raclidae,
374 1532 392 1562 i.
408 1535 438 1562 7.
463 1530 616 1561 Hercules
639 1530 729 1572 Hylli

217 1584 315 1618 pater,
341 1574 393 1605 vii.
407 1578 477 1604 ⁴204.
492 1573 554 1603 viii.
569 1577 636 1603 1531.
659 1584 728 1603 auc-

215 1627 266 1650 tor
279 1617 402 1660 generis
416 1615 575 1651 Leonidae,
596 1615 647 1646 vii.
662 1619 731 1646 204.

217 1660 371 1692 Hercules
384 1670 401 1689 e
417 1659 547 1689 deorum
560 1658 732 1688 novissimis

217 1703 301 1745 apud
314 1705 453 1733 Graecos:
469 1701 551 1743 apud
561 1701 732 1742 AEgystios

217 1757 314 1782 secus,
342 1745 372 1775 ii.
398 1746 465 1775 145.
509 1743 662 1774 Hercules
687 1745 731 1774 O-

217 1789 364 1830 lympius,
374 1787 404 1817 ii.
415 1790 467 1817 44.
479 1785 631 1817 Hercules
642 1788 732 1816 Grae-

219 1841 340 1866 corum,
363 1829 394 1860 ii.
407 1833 456 1859 43.
488 1828 632 1859 Herculis
653 1836 732 1859 tem-

220 1874 309 1915 plum
335 1873 366 1902 in
394 1873 586 1912 Cynosarge,
608 1870 648 1901 vi.
666 1875 733 1902 116.

220 1915 368 1947 Herculis
382 1915 413 1944 in
430 1914 621 1944 Niarathone
633 1923 734 1953 temp-

226 1958 302 1998 lum,
326 1957 367 1988 vi.
384 1960 452 1992 108,
479 1960 547 1987 116.
590 1956 736 1986 Herculis

217 1999 376 2042 ‘templum
399 1999 494 2029 servis
516 2009 573 2040 pro
589 1998 684 2039 asylo,
704 1999 735 2028 ii.

225 2047 293 2074 113.
315 2042 462 2073 Herculis
475 2041 555 2081 Tyri
570 2041 733 2082 templum,

222 2086 252 2116 ii.
274 2089 324 2115 44.
357 2083 503 2115 Herculis
524 2083 631 2114 Thasii
657 2092 735 2114 tem-

221 2128 322 2171 plum,
342 2127 416 2158 ibid.
459 2126 589 2156 Herculi
626 2125 737 2156 bifaria

223 2170 340 2211 templa
355 2179 406 2200 cur
423 2169 547 2205 dentur,
559 2168 634 2199 ibid.
654 2170 738 2199 Her-

224 2213 300 2244 culis
323 2211 494 2247 oraculum,
519 2211 548 2242 ii.
568 2215 620 2243 83.
652 2213 738 2241 Her-

210 2255 302 2286 ‘culis
327 2255 357 2285 in
392 2253 550 2294 Scythiam
577 2253 739 2290 adventus,

226 2305 275 2328 eds.
300 2297 340 2327 iv.
355 2301 386 2333 8,
407 2301 435 2328 9.
468 2296 534 2338 ejus
555 2307 651 2332 arcus,
673 2295 739 2326 ba!-

226 2340 328 2375 theus,
355 2339 396 2369 iv.
423 2343 469 2369 10.
502 2339 568 2380 ejus
587 2347 649 2368 tres
674 2338 741 2374 filii,

227 2382 300 2413 ibid.
323 2381 508 2422 Scytharum
529 2381 614 2419 deus,
636 2381 675 2412 ir.
690 2385 741 2412 59.

1271 341 1310 374 51

797 426 863 467 ejus
877 424 1044 467 vestigium
1055 423 1087 454 in
1097 431 1196 465 petra,
1210 423 1250 455 iv.
1260 428 1312 455 82.

798 468 946 500 Herculis
961 478 1013 497 ara
1027 468 1110 508 apud
1133 467 1235 507 Pylas,
1259 467 1314 498 vii.

799 515 868 542 176.
891 509 1043 541 Hercules
1056 509 1180 540 relictus
1192 508 1230 539 ab
1246 512 1310 540 Ar-

795 553 952 594 gonautis,
986 552 1039 582 vii.
1067 556 1136 583 193.
1179 553 1310 583 Herculi

796 596 857 626 fert
874 605 966 636 opem
988 595 1020 624 fl.
1034 596 1146 635 Dyras,
1173 594 1224 625 vii.
1242 599 1311 627 198.

756 638 923 669 Herculeae
946 637 1109 674 columnae,
1135 637 1176 668 iv.
1193 641 1264 676 181,
1284 645 1310 669 et

798 685 866 711 185.
887 708 889 711 .

754 725 913 754 Hermeus
927 722 1018 759 sinus,
1034 722 1067 753 ii.
1084 726 1113 753 2.

755 766 910 797 Hermion
924 765 997 796 Lasi
1012 773 1111 806 pater,
1131 765 1183 796 vii.
1197 770 1227 797 6.

754 808 927 840 Hermione
940 809 1108 848 Dryopum
1120 808 1235 844 civitas,
1249 808 1312 839 viii.

796 855 846 882 73.
868 850 1119 888 Ηεῐηιίοηεηεεε,
1132 851 1174 882 iii.
1187 854 1238 883 59.
1249 851 1313 882 viii.

797 897 847 924 43.

756 935 950 976 Hermippus
959 935 1130 972 Atarnites,
1143 935 1185 972 vi,
1198 939 1227 967 4.

757 978 966 1018 Hermolycus
998 978 1206 1016 Atheniensis,
1249 980 1314 1010 Eu-

798 1021 889 1061 thyni
914 1020 1003 1056 filius,
1027 1020 1058 1050 in
1079 1021 1238 1063 pancratio
1264 1032 1314 1052 ce-

799 1063 894 1099 leber,
910 1063 949 1094 ix.
966 1065 1035 1094 105.

758 1106 1016 1146 Hermophantus
1030 1105 1091 1136 dux
1109 1114 1216 1137 contra
1237 1109 1314 1138 Per-

801 1159 846 1179 sas
862 1148 901 1177 ad
917 1148 1028 1184 Sardis,
1050 1160 1078 1178 v.
1094 1153 1144 1179 99.

760 1191 978 1222 Hermotimus
1021 1190 1197 1222 Pedasensis
1232 1191 1315 1222 inter

802 1233 958 1264 eunuchos
973 1234 1055 1274 apud
1069 1244 1176 1274 regem
1190 1245 1314 1276 magnae.

804 1276 1003 1311 auctoritatis,
1030 1275 1092 1305 viii.
1117 1280 1185 1306 104.
1213 1288 1315 1308 exsec-

803 1327 905 1348 torem
920 1329 1009 1348 suum
1033 1318 1217 1349 Panionium
1240 1331 1319 1361 quo-

805 1361 900 1390 modo
915 1360 1007 1397 ultus,
1021 1361 1084 1390 viii.
1101 1364 1170 1397 105,
1187 1365 1254 1393 106.

765 1403 1230 1444 Hermotybies,AEgyptiorum
1240 1416 1320 1447 pug-

807 1453 950 1476 natorum
965 1456 1071 1487 genus,
1088 1446 1117 1476 ii.
1135 1450 1202 1477 164.
1216 1446 1255 1477 ix.
1269 1452 1320 1478 31.

809 1498 884 1529 quas
897 1488 1002 1529 plag35
1028 1488 1173 1527 incolant,
1204 1489 1234 1519 ii.
1252 1494 1320 1521 165.

808 1538 931 1561 tantum
945 1530 989 1560 rei
1004 1530 1130 1560 militari
1145 1540 1264 1569 vacant,
1289 1533 1320 1564 ii.

812 1576 882 1609 165,
899 1577 969 1609 168,
984 1575 1029 1602 nbi
1043 1581 1068 1603 a?
1083 1576 1151 1603 alia.

767 1617 906 1646 Hermus
921 1616 1028 1653 amnis,
1042 1616 1060 1645 i.
1074 1619 1126 1653 55,
1140 1619 1190 1647 80.
1205 1628 1233 1647 v.
1252 1621 1320 1650 101.

809 1658 838 1688 ii.
853 1663 882 1689 9.

769 1701 893 1731 Hero'es
907 1700 1007 1742 ignoti
1023 1702 1179 1743 AEgypto,
1195 1702 1226 1732 ii.
1243 1706 1294 1733 50.

769 1743 928 1774 Heroibus
951 1743 1097 1784 Trojanis
1124 1752 1320 1785 parentatum

811 1797 829 1816 a
843 1788 959 1822 Xerxe,
976 1786 1028 1816 vii.
1041 1790 1091 1816 ⁴13.

770 1828 952 1859 Herodotus
966 1828 1118 1870 posterior
1136 1831 1279 1861 Homero
1293 1839 1324 1861 et

815 1870 956 1902 Hesiodo
979 1871 1064 1901 annis
1080 1872 1326 1914 quadringentis,

813 1914 845 1944 ii.
864 1917 914 1944 53.
936 1914 1001 1955 ejus
1016 1922 1090 1943 :etas
1101 1915 1176 1944 citra
1193 1916 1323 1946 Moerin.

813 1956 843 1986 ii.
869 1960 916 1986 13.
952 1957 1016 1997 ejus
1047 1957 1149 1987 cautio
1175 1957 1257 1988 circa
1281 1969 1329 1996 ea,

813 2009 883 2039 quae
908 1999 947 2028 ad
972 2009 1039 2029 rem
1065 1999 1202 2030 divinam
1231 2002 1329 2042 perti-

814 2049 900 2075 nent,
924 2041 953 2071 ii.
967 2046 996 2077 3,
1013 2044 1065 2078 65,
1082 2045 1149 2072 171.
1182 2042 1246 2083 ejus
1262 2054 1330 2074 mos

814 2084 844 2114 in
862 2083 1089 2125 distinguendo,
1106 2085 1157 2115 vii.
1175 2089 1242 2116 152.
1265 2087 1330 2127 ejus

815 2126 1005 2168 colloquium
1031 2137 1103 2157 cum
1127 2128 1258 2158 Vulcani
1285 2140 1331 2159 sa-

818 2169 995 2200 cerdotibus
1028 2169 1056 2199 ii.
1074 2176 1104 2206 3,
1119 2179 1149 2201 et
1165 2171 1241 2200 item
1257 2182 1329 2201 cum

817 2211 953 2253 quodam
969 2212 1097 2242 Archia.
1126 2213 1167 2243 iii.
1183 2216 1232 2243 55.
1265 2214 1331 2251 eius

818 2255 967 2285 sententia
990 2254 1028 2284 de
1050 2256 1205 2297 AEgypw,
1230 2255 1259 2286 ii.
1281 2250 1334 2288 15.

820 2296 859 2326 de
884 2297 968 2332 Nilo,
994 2297 1023 2326 ii.
1039 2301 1088 2328 ⁴24.
1113 2300 1151 2328 cie
1168 2301 1332 2329 Persarum

819 2339 968 2375 moribus,
983 2339 1001 2368 ἱ.
1019 2343 1086 2369 1537.
1109 2340 1147 2371 de
1161 2341 1231 2372 hoc.
1245 2352 1294 2377 un,
1309 2342 1333 2372 si

819 2381 901 2454 intera
937 2381 1027 2414 Ilium
1061 2381 1167 2415 fuisset
1201 2384 1333 2422 Helena,

897 2427 916 2444 θ
