1553 2739
584 320 817 352 INDEX.

1246 325 1282 353 m

135 407 303 447 hycaretus
319 404 487 436 Maeandrii
510 415 685 447 germanus,
725 404 809 446 Lydi
823 403 957 446 populus
981 410 1051 435 ante
1076 405 1212 436 Meones
1225 417 1281 436 vo-

177 460 207 484 v,
224 453 273 479 27.

131 491 231 530 Lycia
246 491 320 521 olim
345 490 473 531 Milyas,
497 490 518 520 i.
534 494 602 521 173.

134 533 266 572 Lycidas
311 541 431 563 senator
464 533 581 563 Athen.
614 544 684 563 cum

175 585 270 605 uxore
306 583 338 606 et
375 575 477 606 liberis
523 575 686 617 lapidatur,

176 617 215 647 ix-
232 621 263 647 5.

134 659 222 699 Lycii
245 659 276 689 in
299 666 485 701 potestatem
512 659 610 691 Croesi
637 671 685 690 re-

177 701 269 737 dacti,
294 702 312 732 i.
328 705 377 732 98.
408 713 516 732 eorum
551 714 567 732 e
592 704 685 733 Creta

176 744 276 784 origo,
291 744 310 773 i.
332 748 400 775 173.
435 755 451 774 a
468 747 555 784 Lyco
571 755 684 775 nomen

175 797 330 827 accepere,
345 787 396 816 vii.
413 791 462 818 9‘2.
480 787 517 817 ab
535 789 684 828 Harpago

176 829 262 864 victi,
283 829 301 858 i.
320 833 388 859 176.
434 829 566 870 populus
588 830 684 860 Dario

175 870 366 906 tributarius,
388 871 429 901 iii·
448 876 497 902 90.
530 882 638 902 eorum
654 872 683 901 in

176 913 290 944 Xerxis
306 914 441 944 exercitu
453 922 619 950 armatura,
634 914 683 944 vii.

177 959 227 987 92.
249 956 404 996 quondam
427 956 576 987 Termilae
595 967 684 986 voca-

171 998 206 1034 ti,
230 999 248 1028 i.
265 1001 333 1028 173.
354 998 404 1028 vii.
420 1002 470 1029 92.
506 1009 614 1028 eorum
630 1009 683 1029 no-

172 1050 244 1070 men
259 1048 289 1070 et
305 1040 398 1082 leges.
411 1041 431 1070 i·
452 1044 519 1071 173.

130 1081 220 1122 Lycii
236 1094 331 1118 arcus,
350 1084 398 1113 vii.
414 1086 463 1114 77.

128 1125 323 1165 Lycomedes
365 1125 508 1156 AEschrei
555 1125 598 1156 fil.
635 1126 682 1156 vir

172 1175 324 1203 strenuus,
345 1168 406 1198 viii.
425 1172 472 1198 ll.

128 1210 265 1251 Lycopae
298 1211 474 1241 Lacedaem.
510 1210 682 1246 strenuitas,

168 1251 210 1281 iii.
224 1255 275 1283 55-

127 1294 342 1335 Lycophronis
371 1295 532 1325 Periandri
556 1293 611 1324 filii
635 1295 680 1324 in-

166 1337 286 1372 teritus,
299 1337 340 1367 iii.
355 1341 405 1368 58.
426 1341 457 1368 de
472 1351 500 1368 eo
515 1345 541 1368 et
561 1340 591 1367 in
601 1345 679 1379 prae-

164 1381 311 1410 cedentibus
328 1388 389 1421 cap.

125 1422 288 1463 Lycurgus
315 1421 513 1452 Aristolaidis
539 1421 629 1458 filius,
659 1422 676 1452 i.

165 1466 215 1494 59.
258 1466 424 1505 Lycurgus
457 1472 487 1495 et
516 1464 676 1505 Megacles

165 1505 361 1537 Pisistratum
373 1507 510 1548 ejiciunt,
525 1507 598 1537 ibid.
613 1509 676 1547 Ly-

165 1559 279 1590 curgus
288 1549 453 1591 Spartiata,
467 1549 675 1591 integerrimae

165 1590 252 1627 vitae,
273 1591 293 1621 i·
321 1594 371 1623 65.
415 1591 442 1622 ei
464 1592 626 1622 >oraculum
661 1603 678 1621 a

167 1633 282 1674 Pythia
296 1634 448 1671 redditur,
460 1634 533 1664 ibid.
556 1634 677 1675 legum-

166 1675 248 1707 lator
262 1683 307 1706 est
319 1677 402 1718 apud
417 1677 678 1712 Lacedaemonios,

166 1717 241 1749 ibid.
279 1718 429 1750 Leobotae
456 1719 679 1760 Spartiatarum

166 1771 201 1791 re
226 1760 250 1791 is
263 1769 360 1798 tutor,
379 1761 452 1792 ibid.
473 1761 680 1802 Lycurgide-

168 1772 296 1834 lugrum
311 1804 394 1845 apud
409 1805 585 1846 Spartiatas,
601 1804 620 1834 i.
631 1807 681 1835 56.

125 1847 291 1888 Lycurgus
325 1846 468 1878 Amianti
499 1854 599 1889 pater,
641 1846 680 1876 vi.

126 1932 232 1972 Lycus
245 1930 369 1968 fluvius,
383 1931 434 1962 vii.
449 1935 499 1968 530,
518 1935 586 1962 123.

126 1974 233 2014 Lycus
245 1974 464 2005 Anacharsidis
480 1985 565 2010 avus,
579 1974 620 2004 iv.
630 1977 671 2005 76

126 2017 232 2057 Lycus
255 2017 421 2047 Pandionis
443 2016 534 2051 filius,
563 2016 613 2047 vii.
629 2020 677 2048 92,

168 2069 186 2088 a
200 2058 303 2089 *fratre
334 2061 440 2100 AEgeo
476 2059 602 2102 pellitur
629 2061 677 2090 A-

169 2100 281 2137 thenis,
300 2101 319 2132 i.
337 2105 405 2132 178.

114 2143 218 2184 .Lyda
231 2153 331 2180 mons,
345 2144 364 2174 i.
380 2148 450 2175 174.

124 2185 241 2226 Lydias
254 2185 379 2223 fluvius,
392 2186 444 2217 vii.
460 2190 528 2218 127.

114 2227 229 2268 -Lydia
253 2229 319 2259 auri
345 2236 483 2259 ramenta
519 2239 535 2259 e
558 2229 674 2260 Tmolo

167 2271 379 2312 provenientia
393 2271 498 2307 habet,
518 2271 537 2301 i.
552 2276 602 2302 953.
626 2283 674 2301 ar-

166 2313 253 2354 genti
287 2315 382 2345 etiam
416 2313 611 2352 feracissima,
646 2325 674 2344 v.

169 2359 216 2386 49.

766 448 836 483 cati,
849 447 867 477 i.
878 452 906 478 7.
921 447 972 477 vii.
983 451 1032 478 74.
1058 455 1183 478 strenua
1194 459 1280 490 gens,

767 491 785 520 i.
811 494 862 521 79·
900 489 1058 531 equitandi
1084 490 1280 531 peritissima,

766 533 839 563 ibid.
872 532 1036 573 Lydorum
1063 541 1167 563 mores
1189 540 1220 563 et
1237 533 1280 564 le-

765 586 828 616 ges,
852 575 871 605 i.
892 579 942 609 93,
968 579 1017 606 94.
1051 575 1127 605 ritus
1152 575 1280 606 ineundi

766 617 890 648 foederis
904 617 987 646 idem
1003 617 1057 658 qui
1084 617 1167 658 apud
1191 620 1280 648 Grae-

767 671 828 697 cos,
841 660 860 690 i.
874 663 926 696 74,
941 666 975 689 ut
987 667 1017 689 et
1029 660 1186 701 expiandi,
1199 660 1218 690 i.
1230 664 1279 691 35.

764 703 930 743 Lydorum
946 702 1018 733 flliae
1034 712 1142 732 omnes
1165 703 1278 743 prosti—

764 752 906 783 tuuntur,
940 744 959 774 i.
982 749 1031 775 93.
1074 744 1158 785 Lydi
1184 745 1278 786 primi

765 797 916 828 caupones
943 786 1168 827 institoresque‚
1194 788 1213 817 i.
1228 791 1277 818 94.

764 840 872 860 eorum
883 837 990 871 partes
1023 829 1133 870 primae
1157 830 1188 859 in
1204 840 1276 860 con-

765 871 892 902 sulendo
915 871 1038 901 oraculo
1065 871 1231 912 Delphico,
1258 874 1277 902 i.

763 918 813 945 54.
837 925 946 944 eorum
970 914 1204 954 Medorumque
1219 914 1273 944 foe-

763 957 829 992 dus,
851 957 870 986 i.
888 959 937 987 74.
969 956 1134 996 Lydorum
1159 957 1274 986 Medo-

762 1009 894 1040 rumque
906 998 1132 1039 quinquennale
1146 997 1275 1035 bellum,

762 1041 780 1071 i.
804 1045 855 1077 74,
892 1045 959 1071 103.
1001 1041 1165 1081 Lydorum
1202 1052 1273 1071 cum

766 1083 863 1114 Persis
878 1082 1036 1114 conflictus
1048 1091 1078 1113 et
1088 1083 1173 1124 fuga,
1187 1083 1206 1113 i.
1221 1087 1271 1119 76,

762 1130 812 1156 80.
837 1125 929 1167 primi
945 1125 1084 1155 omnium
1100 1135 1211 1155 aurum
1225 1136 1273 1155 ar-

762 1177 953 1209 gentumque
969 1168 1006 1198 ad
1028 1168 1179 1197 utendum
1203 1179 1272 1208 per-

761 1218 928 1246 cusserunt,
952 1210 970 1240 i.
986 1214 1034 1241 94.
1058 1210 1148 1250 primi
1165 1209 1271 1240 inven-

761 1260 842 1283 tores
857 1253 1012 1287 ludorum,
1028 1252 1102 1282 ibid.
1124 1251 1154 1282 in
1167 1252 1271 1282 Thus-

760 1295 837 1325 ciam
847 1295 980 1325 colonias
988 1294 1271 1330 deduxerunt,ibid.

760 1338 924 1378 Lydorum
942 1337 1062 1373 divisio,
1086 1336 1161 1366 ibid.
1188 1338 1272 1377 Lydi

760 1380 918 1421 quomodo
944 1390 960 1409 a
982 1381 1067 1420 Cyro
1089 1378 1269 1415 effeminati,

758 1423 777 1452 i.
806 1426 876 1458 155,
908 1426 977 1453 157.
1020 1421 1104 1462 Lydi
1139 1421 1270 1452 Caribus

758 1464 910 1506 germani,
923 1464 943 1494 i.
960 1468 1027 1495 171.
1050 1474 1157 1494 eorum
1170 1463 1269 1493 tribu·

759 1515 838 1543 tum,
856 1507 896 1536 iii.
912 1511 961 1538 90.
983 1517 1092 1536 eorum
1109 1506 1139 1535 in
1157 1507 1271 1536 Xerxis

761 1549 899 1579 exercitu
914 1556 1080 1583 armatura,
1098 1548 1150 1579 vii.
1165 1552 1182 1579 7
1186 1553 1215 1579 4.

717 1592 824 1632 Lydus
838 1591 932 1632 Atyis
946 1591 1037 1627 filius,
1049 1590 1123 1620 ibid.

716 1634 825 1674 Lydus
840 1633 935 1664 frater
946 1633 1046 1669 Caris,
1059 1633 1078 1663 i.
1095 1637 1165 1664 171.

716 1676 889 1718 Lygdamis
901 1676 1079 1709 Artemisiae
1095 1683 1194 1718 pater,
1218 1675 1269 1706 vii.

716 1761 888 1803 Lygdamis
903 1760 1030 1797 Naxius,
1043 1760 1062 1790 i.
1076 1764 1128 1797 61,
1142 1764 1192 1792 64.

714 1805 858 1844 Lynceus
875 1804 1064 1840 Chemmita,
1079 1803 1110 1834 ii.
1124 1807 1173 1835 91.

715 1848 889 1888 Lysagoras
902 1847 995 1877 Tisiae
1011 1845 1053 1876 fil.
1076 1846 1116 1876 vi.
1133 1849 1203 1876 133.

715 1891 890 1930 Lysagoras
905 1889 1030 1919 Histiaei
1045 1895 1144 1929 pater,
1154 1899 1184 1918 v.
1197 1892 1247 1919 30.

715 1931 874 1971 Lysanias,
895 1942 912 1962 e
926 1931 1027 1973 procis
1040 1930 1208 1972 Agaristae,
1229 1930 1269 1961 vi.

715 2015 919 2056 Lysimachus
933 2015 1079 2047 Aristidis
1093 2023 1192 2058 pater,
1204 2014 1269 2046 viii.

759 2061 808 2093 79,
825 2061 874 2089 95.

716 2101 904 2142 Lysistratus
916 2100 1098 2132 Atheniens.
1119 2100 1181 2131 viii.
1197 2104 1247 2132 96.

963 2228 1014 2259 M.

717 2313 837 2385 MAan
851 2312 983 2356 populus
998 2311 1125 2348 Africae,
1141 2312 1180 2343 iv.
1199 2315 1268 2345 175.

754 2367 782 2386 v.
797 2360 825 2385 4·
841 2378 848 2386 .
